2864 4958
125 259 168 323 22
552 259 586 312 H.
605 276 660 313 van
679 258 862 314 Herwerden:

124 424 266 504 τερπνόν
284 447 352 488 oum
371 430 475 505 planta
488 427 538 487 vel
556 427 636 500 flore,
656 425 715 504 qui,
734 428 769 485 ut
787 428 925 487 celeriter
938 420 1059 506 oresoit,
1072 427 1116 487 ita
1129 431 1220 488 vento
1235 448 1307 489 aon·

126 537 230 580 cussus
249 518 333 579 brevi
350 519 435 578 humi
453 517 541 577 eadit.
568 516 637 576 Non
651 519 752 576 tamen
769 517 900 577 diffiteor
917 519 1037 592 poetam
1055 507 1324 592 permittentibus¹

126 608 257 667 numeris
276 608 395 683 planius
415 624 520 667 canere
538 605 672 681 potuisse
692 599 869 685 ἀποτρόπῳ
892 602 986 683 τύχᾳ
1005 601 1067 682 (vel
1087 600 1234 687 πότμῳ)
1256 625 1308 668 εε-

127 693 302 771 εειεμένον,
331 698 363 755 et
386 697 451 757 fieri
475 712 546 754 sane
571 697 671 770 potest
694 697 729 754 ut
752 695 986 771 superscriptum
1011 696 1162 771 glossema
1189 693 1310 772 τάχαε

126 781 259 864 γνώμᾳ
279 786 425 845 eiusmodi
443 785 621 859 scripturam
641 783 870 844 oblitteraverit.

214 875 304 953 Pyth.
322 874 365 933 IX
385 877 426 934 23
451 869 508 932 τὸν
532 869 567 932 δὲ
589 868 754 944 εύγκοιτον
773 871 892 946 γλυκὺν
912 872 1037 948 παῦρον
1057 868 1109 933 ἐπὶ
1128 865 1309 950 γλεφάροιε

126 960 231 1026 ὕπνον
263 958 512 1023 άναλίεκοιεα
543 957 711 1036 ῥέποντα
744 958 825 1037 πρὸ(
853 957 910 1022 ἀῶ.
946 962 1136 1022 Dissentiunt
1158 982 1308 1024 sommen-

127 1057 249 1114 tatores.
277 1053 429 1113 Boeokhio
443 1050 549 1128 iudice,
562 1050 678 1129 Cyrene
693 1051 802 1110 dieitur
820 1071 976 1112 somnum
994 1071 1063 1111 non
1084 1053 1119 1112 in
1138 1072 1310 1113 auroram

126 1144 347 1218 extraxiss03
375 1139 547 1201 Disaenium
575 1140 601 1200 si
629 1141 730 1216 audis,
762 1159 831 1200 non
863 1141 936 1200 nisi
963 1160 1091 1200 versus
1125 1161 1309 1223 auroram,

127 1233 188 1293 nbi
212 1235 313 1292 tutas
337 1231 506 1291 erederet
529 1248 547 1287 a
570 1229 730 1288 ferarum
752 1231 888 1306 impetu
911 1231 1080 1305 pecudes,
1098 1232 1310 1309 paullisper

126 1340 249 1382 somno
276 1338 440 1394 vacasse,
464 1317 525 1378 sed
549 1321 657 1379 nootu
675 1318 861 1395 vigilasse.
900 1318 956 1379 Oui
975 1321 1142 1380 sententiae
1159 1321 1204 1380 ita
1221 1321 1308 1382 favet

126 1409 259 1472 universi
276 1409 333 1468 looi
347 1408 438 1480 ratio,
453 1409 487 1465 ut
501 1406 581 1466 hand
596 1408 678 1467 aliud
688 1407 797 1469 dixisse
811 1412 900 1485 poeta
909 1409 1055 1483 videatur,
1071 1410 1123 1469 sed
1137 1410 1310 1470 molestiam

127 1503 209 1561 creat
237 1499 362 1560 verbum
396 1492 550 1572 ῥέποντα,
585 1496 664 1572 quod
695 1516 753 1558 non
783 1498 986 1574 delapsum,
1015 1499 1067 1558 sed
1094 1503 1309 1577 vergentem

128 1589 287 1667 signifieat.
316 1587 357 1646 Et
370 1587 469 1646 losum
483 1604 543 1644 non
561 1586 712 1662 integrum
727 1587 766 1646 ad
783 1607 836 1647 nos
855 1588 1027 1664 pervenisse
1043 1591 1174 1648 testatur
1188 1608 1310 1667 quoque

127 1678 234 1740 vitium
253 1677 423 1748 metricum,
449 1674 528 1750 quod
549 1674 707 1735 Triclinins
727 1677 855 1736 tollebat
873 1678 1043 1752 reponendo
1067 1678 1225 1738 barbaram
1246 1680 1309 1739 for·
1352 1680 1354 1684 ‘

129 1788 208 1827 mam
227 1761 418 1837 ἀνλίεκοιεα,
438 1762 572 1824 Schmidt
586 1765 713 1842 legendo
733 1759 912 1826 ἀλδίεκοιεα
931 1759 1092 1844 (debuerat
1110 1771 1190 1827 oerte
1210 1762 1309 1845 ἀλδή-

128 1849 257 1937 εκοιεα),
278 1856 330 1915 eed
349 1853 437 1932 enim,
455 1853 507 1929 qui
524 1872 628 1913 somno
642 1873 730 1930 parce
745 1856 894 1929 fruuntur,
912 1856 1010 1916 minus
1025 1861 1105 1917 reote
1120 1877 1188 1916 eum
1207 1859 1311 1918 alere

128 1946 281 2019 dicuntur,
312 1947 347 2002 ut
376 1942 515 2002 arbitror.
560 1944 682 2002 Rectius
709 1945 803 2020 igitur
831 1945 931 2022 Bergk
959 1946 1157 2021 transposuit:
1185 1943 1243 2006 τὸν
1272 1945 1310 2007 δὲ

131 2031 298 2108 τῦγκοιτον
317 2029 436 2105 γλυκὺν
450 2027 555 2094 ὕπνον
569 2028 622 2092 ἐπὶ
640 2028 816 2107 γλεφάροιε
830 2028 929 2108 παῦρ’
947 2029 1147 2095 ἀναλίεκοιεα
1166 2031 1311 2109 ῥέποντα

128 2121 210 2200 πρὸε
229 2119 287 2184 du.
1220 2159 1224 2166 -

219 2213 285 2283 Qua
301 2210 533 2288 transpositione
548 2212 687 2284 admissa,
706 2212 815 2271 litteris
830 2214 919 2273 aliter
932 2213 1086 2289 diremptis
1101 2215 1164 2290 ipse
1178 2216 1311 2292 corrige·

129 2305 198 2364 bam
227 2294 462 2363 ἀναλίεκοιτ’
485 2293 543 2374 ἄρ’
566 2295 710 2360 ἐπόντα
738 2297 819 2374 πρὸ(
842 2296 904 2375 ἀῶ,
929 2321 1050 2362 somno
1076 2303 1138 2378 qui
1165 2308 1245 2365 erat
1273 2307 1311 2366 in

128 2391 319 2470 palpebris
345 2408 474 2450 versus
503 2408 668 2449 auroram
695 2408 802 2466 paroe
830 2391 944 2467 igitur
971 2392 1104 2452 fruens.
1151 2392 1210 2453 Sed
1236 2395 1312 2456 licet

129 2479 347 2559 quodammodo
366 2479 441 2539 ferri
458 2479 555 2555 possit
571 2479 720 2555 particula
738 2472 809 2558 ἄρα,
829 2481 900 2557 quia
917 2482 973 2541 hoo
990 2484 1056 2541 erat
1069 2502 1252 2558 consequens
1273 2504 1311 2544 ex

128 2571 329 2649 praegressis,
352 2588 413 2629 non
431 2571 532 2628 tamen
551 2589 627 2646 nego
646 2588 694 2628 me
713 2589 780 2629 eam
796 2572 933 2630 uooulam
953 2572 1058 2631 abesse
1079 2573 1182 2645 malle,
1205 2573 1310 2650 itaque

122 2662 230 2738 ,paullo
259 2659 371 2718 maiore
394 2658 546 2717 molimine
576 2659 743 2735 elegantius
773 2679 852 2719 nuno
873 2661 971 2719 looum
994 2661 1036 2720 sio
1059 2662 1210 2738 corrigere
1233 2663 1311 2722 milri

127 2751 243 2810 videor:
271 2743 330 2807 τὸν
353 2743 389 2805 δὲ
412 2742 578 2819 εύγκοιτον
601 2745 721 2818 γλυκὺν
744 2742 849 2808 ὕπνον
872 2744 934 2809 ἐπὶ
962 2746 1175 2825 γλεφάροιε
1207 2747 1310 2826 παῦρ’

129 2832 380 2899 ἀναλίεκοιεα
412 2831 581 2896 πετόντα
611 2829 669 2916 (-=
697 2832 850 2918 πετόντα)
879 2833 1035 2914 πρὸτάιῦ.
1075 2840 1119 2899 cf.
1144 2842 1310 2903 locutiones

131 2921 186 2989 ἐπ’
210 2922 392 3001 ὀφθαλμοῦ(
411 2921 551 3000 πίπτειν,
574 2921 630 2986 ἐπ’
649 2920 761 3001 ὄμματι
782 2922 923 3003 βάλλειν,
947 2929 1011 2988 sim.

218 3015 270 3075 Vs.
292 3018 332 3075 29
358 3009 469 3074 αὐτίκα
493 3010 590 3075 δ’ἐκ
614 3010 790 3091 μεγάρων
815 3012 960 3092 Χείρωνα
982 3015 1178 3092 προεέννεπε
1203 3023 1311 3100 φωνᾷ.

130 3107 175 3166 De
196 3105 309 3180 templo
323 3103 468 3179 Delphico
483 3104 609 3181 cogitari
622 3123 682 3164 non
699 3124 787 3179 posse
800 3107 836 3165 ol.
851 3125 894 3168 vs.
910 3110 949 3166 31
967 3111 1047 3168 reote
1061 3111 1163 3168 monet
1179 3111 1310 3187 Merger,

131 3195 183 3255 sed
197 3211 355 3270 perperam
369 3192 521 3268 intellegit
533 3192 670 3253 Chironis
683 3196 816 3270 antrum,
834 3195 906 3271 quid
921 3196 1000 3256 enim
1014 3198 1071 3257 sibi
1085 3200 1153 3258 vult
1167 3201 1311 3275 alloqui

129 3284 293 3360 aliquem
312 3300 352 3341 ex
371 3281 497 3342 antro?
524 3282 603 3342 Nam
626 3284 690 3342 loeo
709 3282 815 3345 Isthm.
829 3284 858 3342 V
874 3287 927 3363 15,
951 3305 1009 3361 quo
1032 3291 1188 3362 provocat,
1211 3305 1309 3362 προε-

132 3371 280 3436 εννέπειν
298 3371 374 3430 nihil
392 3374 512 3447 praeter
531 3372 651 3432 solitum
670 3373 825 3449 signifieat.
855 3375 967 3435 Eadem
985 3394 1037 3437 ,res
1056 3377 1166 3452 premit
1183 3377 1312 3454 Bergkii

133 3464 332 3523 coniecturam
351 3456 387 3521 ἐκ
401 3455 578 3537 μελάθρων,
596 3481 649 3521 nee
663 3463 735 3538 quid
749 3483 930 3541 magnopere
944 3465 1118 3525 adiuvemur
1136 3467 1200 3526 loeo
1218 3487 1311 3543 quem

132 3553 207 3612 citat
224 3551 328 3610 Iliadis
349 3546 370 3609 Ε
390 3553 469 3624 210,
488 3551 540 3610 nbi
559 3547 593 3610 ἐκ
612 3551 762 3626 signifieat
779 3549 883 3630 ἐκτόε,
901 3574 961 3613 non
980 3549 1056 3635 ἔξω,
1072 3555 1241 3631 perspioere
1259 3577 1310 3618 me

133 3640 284 3702 eonfiteor.
318 3638 410 3698 Aliud
428 3640 525 3699 latere
543 3641 618 3700 bene
636 3640 786 3702 intellexit
799 3644 1033 3719 Heimsoethius‚
1052 3645 1104 3704 sed
1122 3645 1178 3704 viri
1198 3647 1310 3724 eximii,

132 3749 222 3808 quem
250 3746 368 3804 semper
394 3728 520 3805 lugebo,
548 3729 717 3789 coniectura
744 3729 911 3806 ἐμμεμαώς
939 3753 1044 3795 uereor
1071 3737 1105 3792 ut
1127 3735 1186 3809 ipsi
1211 3736 1310 3811 hodie,

131 3819 157 3878 si
179 3819 210 3877 in
232 3817 308 3878 vivis
332 3822 426 3890 esset,
452 3818 591 3894 placeret
628 3819 692 3878 Neo
715 3821 802 3880 facile
821 3822 902 3881 dictu
921 3826 968 3882 est
986 3825 1055 3899 quid
1075 3827 1165 3898 poeta
1183 3825 1311 3902 dederit,

130 3907 183 3968 sed
206 3907 341 3982 suspicer
370 3906 544 3967 delitescere
568 3908 747 3969 adieetivum
764 3911 886 3987 aliquod
909 3913 1091 3989 iungendum
1111 3932 1178 3971 oum
1199 3914 1309 3993 φωνᾷ,

130 3997 201 4074 quia
219 3997 333 4055 nudum
346 3996 421 4057 illud
441 3997 537 4074 φωνᾷ
555 3997 644 4056 nimis
658 3999 787 4059 otiosum
802 4019 868 4061 esse
882 4002 1008 4061 videtur.
1037 4003 1085 4060 An
1104 4003 1174 4062 fuit:
1194 3998 1310 4064 αὐτίκα

131 4080 164 4146 δ’
192 4078 246 4144 ιῦν
278 4079 425 4163 μεγάλᾳ
459 4082 602 4160 Χείρωνα
635 4086 832 4162 προεέννεπε
866 4091 987 4169 φωνᾷ·
1026 4088 1148 4166 (έμνον
1178 4086 1310 4169 ἄντρον,

131 4170 294 4250 Φιλυρίδα,
309 4170 477 4247 προλιπών
491 4171 575 4236 rit?
599 4176 632 4236 Si
645 4177 692 4236 oui
705 4178 819 4239 nudum
838 4181 934 4259 φωνᾷ
952 4200 1012 4240 non
1031 4181 1176 4256 displicet,
1194 4183 1311 4257 poterit

130 4284 263 4342 quoque:
286 4258 397 4323 αὐτίκα
421 4256 454 4322 δ’
476 4261 667 4325 ἐκκαλὲων
695 4265 757 4327 κτὲ.
802 4269 971 4346 Utrumque
1000 4274 1116 4345 aptum,
1146 4270 1199 4330 sed
1226 4273 1309 4348 qnod

130 4357 246 4413 eertum
264 4353 305 4412 sit
322 4352 465 4413 desidero.

220 4442 273 4502 Vs.
292 4444 332 4501 31
359 4439 520 4517 θαῦμαεον
543 4437 615 4504 οἷον
637 4437 897 4522 ἀταρβεῑνεῑκοτ
920 4441 991 4520 ἄγει
1013 4444 1164 4529 κεφαλᾷ
1182 4444 1308 4524 μόχθον
