2864 4958
638 269 798 326 Pindarico:
882 260 885 271 ¹
1259 267 1300 332 19

126 431 227 511 άίγδ’
245 432 435 512 ἐπελθών,
459 438 530 498 licet
547 438 636 498 hodie
654 440 724 498 ante
741 440 845 513 pectas
864 435 1082 497 AlexandrInos
1109 429 1223 508 άίγδα
1241 455 1301 496 nen

126 528 264 590 videatur
283 528 417 604 reperiri.
449 527 486 586 In
504 546 566 604 sqq.
585 528 696 587 rectius
710 527 803 604 vulgo
818 528 909 590 verba
926 521 1003 602 φάει
1022 522 1058 586 δὲ
1072 520 1246 600 πρόεωπον
1264 521 1301 586 ἐν

125 618 254 696 καθαρῷ
273 619 437 694 praeeunte
456 617 546 676 schol.
565 618 737 677 referuntur
755 617 795 677 ad
813 618 993 693 hymnorum
1016 617 1193 677 thesaurum
1211 634 1302 692 quam

126 706 164 765 ad
179 707 410 782 Thrasybulum,
429 709 464 765 ut
477 724 573 782 nuper
586 706 658 766 feeit
671 707 800 784 Mazger.
826 706 937 767 Poetae
952 709 1023 766 sunt
1036 698 1168 778 ἄγγελοι
1187 725 1302 766 eorum-

125 815 182 872 que
201 796 332 855 carmina
350 788 502 866 ἀγγελίαι.

215 885 267 944 Vs.
288 887 327 944 29
353 878 466 956 ἔγεντο
489 880 541 943 καὶ
559 879 719 959 πρότερον
743 879 926 960 Ἀντίλοχοε
950 881 1057 960 βιοτὰε
1076 878 1180 959 νόημα
1202 883 1299 944 τοῦτο

126 971 263 1049 φέρων.
282 1028 285 1033 ,
304 973 352 1032 An
380 971 555 1048 rpe'purv?
598 974 646 1034 Sic
673 974 762 1051 Pyth.
785 975 813 1033 V
833 978 895 1035 109
920 971 1073 1050 κρέτεονα
1101 971 1158 1048 μὲν
1181 967 1303 1033 ἁλικίαε
1429 960 1431 967 ⁴

126 1058 219 1122 νόον
243 1060 438 1138 φέρβεται.

213 1152 302 1227 Pyth.
316 1151 344 1207 V
360 1154 400 1211 42
422 1155 524 1211 statua
543 1172 579 1211 ex
598 1170 657 1211 unc
675 1153 777 1229 stipite
796 1153 877 1213 facta
895 1153 1024 1229 permira
1040 1155 1165 1214 vocatur
1183 1146 1301 1227 μονό-

126 1241 143 1300 b
150 1256 273 1316 ροπον
292 1235 425 1315 φυτόν.
462 1242 540 1300 Nam
560 1239 690 1317 δρέπειν
709 1242 746 1302 do
764 1242 912 1303 caedendo
932 1242 1038 1303 arbore
1057 1242 1227 1301 inaudItum
1246 1243 1301 1316 est,

126 1349 179 1389 nec
208 1325 313 1404 φυτόν
336 1331 448 1406 optime
471 1330 529 1389 diei
553 1332 672 1391 videtur
695 1351 770 1408 epus
797 1333 880 1393 artis.
921 1332 1159 1408 Expectareram
1184 1325 1299 1405 μονό-

127 1419 247 1494 δρυον,
263 1414 398 1493 τοπόν,
418 1423 449 1480 et
468 1415 649 1495 μονόδρυον
667 1421 728 1480 iam
751 1421 955 1496 Hartungium
975 1421 1134 1481 coniecisse
1153 1420 1239 1498 video
1258 1421 1302 1478 in-

127 1520 216 1584 super
235 1512 449 1585 proponentem
469 1504 691 1585 μονόδροφον,
714 1511 794 1586 quod
816 1529 877 1570 non
899 1510 1006 1569 melius
1026 1512 1073 1569 est
1095 1528 1186 1585 quam
1206 1502 1303 1584 μονό-

126 1598 258 1672 δροπον.

213 1686 429 1762 Pyth.V115
464 1681 535 1746 τίνα
563 1680 595 1745 τ’
623 1681 712 1747 οἷκον
741 1684 847 1748 δίων
877 1681 1071 1763 ὀνυμάξομαι
1104 1687 1228 1764 egregia
1256 1690 1303 1747 est

125 1775 249 1852 Bergkii
268 1768 369 1855 (ined.
379 1768 469 1856 IVta)
485 1777 651 1835 emendatio
666 1795 722 1852 pro
739 1773 873 1858 ναίων,1
892 1778 944 1836 sed
958 1777 1065 1837 melius
1079 1777 1249 1836 reticuisset
1268 1795 1300 1836 se

127 1865 286 1942 aliquando
306 1865 464 1925 coniecisse
484 1863 580 1940 δήων,
598 1885 789 1942 quaerens.
817 1865 932 1942 Quippe
951 1865 1039 1940 δήειν
1057 1885 1221 1942 numquam
1239 1885 1299 1926 nen

124 1955 246 2014 futuri
264 1953 512 2031 significationem
532 1954 642 2014 habere
660 1974 708 2014 res
727 1956 759 2014 in
777 1956 886 2032 vulgus
905 1958 977 2015 nota
996 1958 1051 2014 est.

214 2045 267 2103 Vs.
282 2046 324 2104 20
339 2044 458 2103 omnine
472 2045 627 2124 probanda
641 2044 760 2104 videtur
774 2044 939 2104 Hermanni
953 2043 1161 2119 interpretatio
1179 2044 1303 2120 iungen-

124 2133 165 2191 tis
185 2128 270 2192 οὕτω
291 2128 504 2207 παρμονίμαν,
523 2136 558 2192 ut
576 2129 616 2192 τὰ
634 2130 685 2194 καὶ
703 2128 743 2192 τά
762 2134 824 2194 sint
841 2137 903 2193 tam
922 2134 1000 2194 bona
1018 2151 1109 2210 quam
1124 2133 1212 2193 mala.
1239 2134 1307 2192 Nee·

126 2216 217 2296 (tropi
236 2222 348 2298 pendet
367 2241 385 2281 a
403 2219 555 2297 φέρεεθαι
575 2223 659 2282 seda
676 2219 887 2298 παρμονίμαν,
906 2224 984 2298 quod
1003 2223 1070 2297 ipsa
1082 2223 1183 2297 prodit
1197 2224 1301 2283 verbo·

124 2331 192 2369 rum
215 2314 375 2371 structura.
412 2310 580 2372 Sententia:
604 2313 710 2371 aiunt
728 2316 847 2372 autem
869 2314 941 2371 tam
967 2313 1145 2387 perpetuo
1168 2313 1302 2374 floran-

125 2403 197 2459 tem
219 2399 441 2460 felicitatem
464 2401 565 2460 iuxta
588 2403 680 2461 bona
709 2403 819 2460 etiam
846 2401 963 2460 minus
994 2403 1101 2476 grata
1128 2402 1303 2476 quaedam

125 2489 335 2548 necessario
355 2509 473 2549 secum
492 2490 597 2551 ferre.

214 2578 305 2655 Pyth.
324 2578 399 2637 VIII
418 2580 447 2637 8.
466 2576 503 2638 τὺ
523 2572 555 2638 δ’
570 2573 694 2639 ὁπόταν
713 2594 759 2637 τι(
778 2573 942 2653 ἀμείλιχον
961 2573 1098 2656 καρδίᾳ
1121 2573 1218 2639 κότον
1241 2573 1301 2638 ἑν-

126 2661 248 2745 ελάεῃ.
283 2666 379 2728 Sehol.
394 2664 479 2747 ἐνθῇ.
506 2668 636 2745 Merger:
656 2668 826 2744 Iligentlich
845 2661 1037 2744 ‘gewaltsam
1056 2667 1251 2727 hincintreibt
1268 2668 1301 2727 in
1408 2684 1410 2687 ’

124 2757 177 2816 das
200 2756 405 2834 widerwillige
421 2749 471 2837 (au
490 2757 583 2816 Milde
602 2751 756 2834 geneigte)
775 2749 874 2817 Hera'.
903 2756 1015 2816 Contra
1032 2758 1194 2816 humanam
1213 2759 1300 2816 natu·

124 2865 203 2922 ram,
227 2849 261 2903 ut
280 2846 424 2907 arbitror:
448 2864 534 2906 nemo
553 2847 726 2906 mortalium
746 2847 811 2922 ipse
829 2848 933 2921 pectus
954 2864 1041 2905 snum
1059 2847 1140 2922 cogit
1159 2847 1198 2904 ad
1215 2847 1300 2908 iram.

125 2933 222 2994 Locus
249 2953 309 2993 non
334 2935 455 2995 videtur
477 2935 544 2995 vitii
568 2935 718 2995 immunis.
759 2933 889 2994 Conieci:
922 2928 1046 2995 ὁπόταν
1069 2950 1115 2993 τι(
1139 2929 1302 3009 ἀμείλιχον
1358 2960 1363 2970 ·

125 3017 262 3095 καρδία(
276 3017 373 3082 κότον
387 3017 543 3102 ἑΠελάεῃ,
558 3024 621 3084 scil.
641 3025 741 3091 aliis,
756 3026 856 3085 sumta
874 3023 1005 3098 imagine
1019 3024 1057 3082 ab
1073 3024 1172 3099 equite
1191 3043 1299 3099 equum

127 3130 213 3170 suum
228 3112 402 3172 immittenti
416 3112 604 3173 adversariis.
623 3113 689 3172 Nisi
698 3113 776 3172 forte
786 3116 922 3189 praestat
935 3105 1060 3173 ὁπόταν
1074 3128 1120 3172 τι(
1135 3106 1302 3187 ἀμείλιχο(

123 3196 270 3275 καρδίαι(
288 3196 388 3262 κότο(
407 3196 560 3280 ἐπελάεῃ,
580 3203 641 3261 ubi
660 3203 825 3261 immanis
845 3202 1016 3262 simultas
1036 3195 1174 3281 (civium)
1193 3202 1302 3262 corda

124 3291 319 3366 invaserit3
343 3294 377 3349 ut
395 3287 597 3367 ἐπελαύνειν,
621 3292 767 3367 quomodo
787 3309 875 3367 saepe
894 3291 982 3366 alias,
1006 3291 1046 3348 sit
1064 3291 1299 3352 intransitivum.

212 3378 264 3436 Vs.
282 3381 331 3439 13.
357 3373 464 3439 λάθεν.
496 3378 675 3438 Incredibile
690 3378 771 3438 dictu
789 3382 837 3438 est
854 3378 999 3439 librorum
1018 3379 1175 3438 lectionem
1190 3375 1299 3453 μάθεν,

124 3468 231 3527 merito
245 3468 391 3526 abiectam
406 3468 444 3526 ab
459 3469 606 3545 omnibus,
616 3488 711 3544 nuper
724 3471 886 3544 patronum
902 3470 1022 3526 nactum
1037 3486 1104 3528 essa
1118 3468 1298 3546 Ilergetum,

124 3577 184 3616 non
203 3557 432 3638 disertissimum
451 3561 565 3633 tamen3
583 3558 667 3617 nullo
687 3558 765 3616 enim
779 3557 877 3616 utitur·
890 3560 1076 3634 argumento.
1103 3557 1200 3616 Nimis
1215 3558 1300 3632 bene,

124 3650 160 3705 ut
173 3647 311 3720 arbitror,
326 3650 357 3705 et
371 3646 409 3706 ad
423 3648 585 3724 pernicicm
600 3666 685 3707 suam
697 3642 847 3722 Ἡενχίαε
859 3647 923 3706 vim
937 3647 1041 3706 didicit
1055 3647 1146 3723 atque
1159 3651 1301 3723 expertus

125 3738 172 3795 est
194 3735 390 3812 Porphyrion.
437 3737 585 3814 Perpetuo
611 3740 774 3813 utrumque
801 3736 928 3797 verbum
956 3735 1096 3796 confundi
1123 3754 1142 3794 a
1169 3734 1301 3803 librariis

124 3826 214 3900 pauci
231 3825 380 3901 ignorant.

215 3914 267 3972 Vs.
294 3916 333 3973 18
362 3915 507 3993 κεραυνῷ
530 3910 646 3977 τόξοιεί
668 3909 702 3974 τ’
724 3908 939 3974 Ἀπόλλωνοε.
975 3913 1066 3972 Recte
1094 3913 1231 3988 plerique
1258 3913 1302 3972 in-

126 4004 277 4079 tellegunt
291 4001 371 4062 loris
389 4004 512 4078 fulmen,
530 4005 600 4063 lieet
613 4004 730 4080 Iupiter
748 4003 815 4062 aliis
832 4002 889 4062 diis
903 4002 1019 4060 fulmen
1034 4002 1160 4061 subinde
1174 4020 1301 4063 commo-

128 4093 187 4166 det,
205 4093 292 4153 velut
309 4092 367 4167 ipsi
385 4091 520 4168 Apollini
538 4093 618 4169 apud
637 4093 725 4170 Soph.
745 4090 779 4151 Ο.
793 4092 828 4151 a.
843 4093 917 4151 468.
946 4089 1003 4149 Sed
1022 4111 1121 4150 unum·
1133 4093 1187 4151 tali
1205 4111 1300 4168 genus

127 4181 260 4256 Apollini
284 4180 452 4240 sufficiebat
479 4185 510 4241 et
536 4185 617 4266 recte
640 4183 819 4259 Typhoeum
847 4200 865 4239 a
891 4180 976 4257 Iove,
1003 4179 1239 4256 Porphyrionem
1262 4180 1300 4238 ab

127 4270 268 4345 Apolline
287 4272 416 4330 occisum
435 4289 501 4330 esse
516 4272 631 4330 monuit
645 4271 823 4332 Boechhius.
850 4268 931 4329 loris
944 4288 1052 4329 nomen
1066 4269 1194 4328 reticens
1209 4267 1301 4344 Apol·

127 4359 197 4418 linis
215 4359 405 4434 potissimum
423 4363 648 4438 commemorat,
668 4381 726 4436 quo
744 4358 842 4418 facilis
861 4359 892 4416 et
911 4359 1031 4435 elegans
1050 4357 1136 4418 fieret
1153 4357 1300 4417 transitus

127 4449 163 4507 ad
184 4452 340 4524 sequentes
359 4449 560 4511 Aristomenis
578 4453 702 4527 propter
719 4447 877 4526 Pythicam
894 4448 1050 4531 uictoriam
1067 4447 1180 4508 laudes.

1049 4545 1086 4600 2*
