2872 4958
129 249 173 314 30
561 248 595 303 H.
614 265 670 303 van
687 246 870 302 Herwerden:

217 417 384 477 Nem.X16
404 411 511 477 πολλὰ
525 413 582 492 μὲν
602 415 789 491 λοιβαῑειν
809 409 1044 491 ἀγαζόμενοι
1061 415 1194 491 πρῶτον
1208 414 1307 479 θεῶν.

128 506 261 582 Antiquo
277 507 415 584 sermoni,
429 506 460 565 in
474 526 532 582 quo
550 507 606 567 hoc
625 507 679 582 est,
698 506 729 564 ni
746 507 843 582 fallor,
862 506 983 565 unicum
997 507 1165 581 exemplum
1184 505 1304 566 formae

129 589 296 667 ἀγάῑετθαι
314 616 368 673 pro
388 589 533 670 ἄγαεθαι,
557 596 654 673 magis
680 596 806 656 fortasse
826 595 1013 655 conveniret:
1037 594 1185 669 λοιβαί(
1209 589 1309 667 ἀγα-

129 680 352 760 παζόμενοι

216 792 269 853 Vr.
289 796 329 853 27
358 784 586 865 πεντΑετηρίδ’
609 784 738 865 ἑορτάν;
774 789 903 851 Pindaro
925 780 1032 850 reddas
1062 785 1309 867 πεντΕΡετηρίδ’

132 885 163 941 et
182 882 225 940 sie
243 881 358 958 corrige
376 882 484 958 fragm.
506 883 568 941 193
590 877 649 957 (ed.
667 879 745 938 IVta
765 904 806 926 =
828 880 890 939 205
912 880 955 940 ed.
975 872 1044 960 111).

217 989 367 1047 Isthmiae.
385 987 401 1044 Ι
423 991 449 1048 1.
488 984 598 1061 Μᾶτερ
617 981 693 1062 έμά,
711 982 749 1046 τό
768 980 857 1060 τεόν,
882 982 1033 1060 χρύεαεπι
1053 983 1155 1063 Θήβα,
1174 986 1308 1062 πρᾶγμα
1368 959 1371 965 ’

132 1072 183 1136 καὶ
202 1071 352 1151 ἀεχολίατ
370 1071 547 1151 ὑπέρτερον
566 1072 703 1150 θήεομαι.
733 1072 773 1150 μή
793 1092 845 1150 μοι
864 1071 987 1149 κραναὰ
1006 1070 1170 1150 νεμεεάται
1184 1072 1307 1151 Δάλοε,

128 1162 170 1225 ἐν
189 1160 210 1243 β
228 1162 394 1240 κέχυμαι.
432 1165 558 1224 Frustra
576 1164 719 1242 Hartung
738 1168 768 1224 et
785 1165 901 1241 Bergk,
925 1184 1051 1241 quorum
1069 1166 1117 1224 hic
1136 1169 1237 1225 tamen
1258 1185 1306 1226 re·

83 1253 87 1325 J
126 1256 269 1315 tractavit
283 1255 469 1334 sententiam,
483 1273 537 1330 pro
552 1250 683 1328 κέχυμαι
697 1254 886 1315 coniecerunt
898 1251 1037 1329 τέταμαι.
1065 1253 1122 1324 Qui
1139 1255 1194 1314 toti
1210 1255 1308 1317 dediti

128 1348 198 1403 sunt
216 1344 306 1403 alicui
324 1343 381 1422 rei,
405 1343 545 1403 dicuntur
563 1340 710 1417 κεχύεβαι
729 1337 774 1404 εἴ(
797 1360 826 1402 τι
843 1344 893 1402 vel
918 1338 998 1417 πρόε
1022 1360 1062 1418 τι,
1089 1360 1149 1403 non
1174 1337 1210 1404 ἔν
1233 1361 1304 1419 τινι,

126 1436 308 1508 quapropter
327 1433 459 1508 suspicor
477 1433 641 1492 Pindarum
658 1433 798 1492 Boeotico
822 1432 977 1508 scripsisse
1000 1429 1042 1492 έν
1065 1428 1111 1493 ἃν
1135 1430 1306 1509 κέχυμαι.

44 1586 48 1594 ,
127 1522 171 1579 Ex
189 1522 325 1597 plurimis
345 1521 488 1597 exemplis
506 1522 566 1583 vid.
584 1523 620 1583 fr.
639 1523 681 1582 53
700 1522 765 1581 init.
809 1520 853 1582 Cf.
872 1521 940 1589 adn.
959 1522 997 1581 ad
1016 1522 1106 1598 Pyth.
1124 1522 1169 1581 IV
1190 1525 1252 1582 127
1273 1524 1306 1582 et

130 1610 168 1668 aa
187 1610 277 1686 Pyro.
296 1610 372 1670 vm
392 1613 442 1670 aa.

218 1700 270 1758 Vs.
292 1702 333 1760 60
353 1700 467 1776 corrige
487 1694 630 1775 φάρξαι
648 1719 702 1776 pro
722 1693 848 1775 φράξαι.

216 1806 322 1865 Isthm.
346 1806 392 1864 ΠΙ
418 1809 460 1866 30
484 1800 621 1881 ἄτρωτοί
645 1824 686 1880 γε
713 1802 783 1881 μὰν
807 1807 921 1867 παῖδε(
945 1807 1038 1869 θεῶν.
1075 1808 1215 1885 Hartung
1239 1828 1309 1870 con-

128 1895 199 1956 iecit
224 1890 296 1969 γὰρ
316 1891 369 1956 οὐ.
405 1895 515 1955 Diesen
534 1899 638 1956 tuetur
656 1897 821 1973 vulgatam,
840 1897 1055 1973 periphrastice
1074 1898 1117 1957 sie
1134 1899 1215 1975 ipsos
1235 1898 1307 1959 daos

130 1987 252 2046 vocatos
278 2003 343 2044 esse
368 1984 550 2045 existimans.
588 1983 643 2044 Cui
665 1985 907 2062 interpretationi
930 1990 1051 2063 praeter
1077 1987 1171 2063 ipsius
1198 1991 1307 2065 poetae

130 2094 218 2133 usum
243 2066 344 2154 (Nem.
369 2074 411 2131 IX
431 2064 487 2155 27)
514 2075 570 2134 hoc
598 2075 711 2150 obstat,
733 2075 818 2150 quod
841 2075 885 2132 ita
908 2077 988 2134 certe
1012 2075 1180 2135 addendum
1206 2077 1308 2137 fuerat

131 2159 223 2238 μόνοι
242 2165 296 2221 aut
314 2157 386 2222 οίοι.

69 2318 74 2328 ,
216 2253 323 2311 Isthm.
341 2250 385 2309 IV
405 2253 447 2311 35
470 2244 536 2311 ἵετε
558 2247 619 2326 μὰν
638 2246 772 2311 Αίαντοε
796 2245 897 2311 ἀλκὰν
920 2247 1063 2329 φοίνιον,
1087 2250 1146 2315 τάν
1169 2248 1249 2332 ὀψίᾳ
1268 2251 1305 2315 ἐν

128 2336 216 2401 νυκτὶ
234 2335 376 2400 ΤΑΜΩΝ
397 2336 470 2412 περὶ
489 2335 515 2417 ᾧ
535 2334 700 2419 φαεγόνῳ,
720 2336 852 2415 μομφὰν
871 2335 937 2415 ἔχει
956 2338 1117 2403 παίδεεειν
1134 2338 1306 2420 Ἑλλάνων,

130 2424 198 2489 όεοι
217 2422 367 2507 Τρῴανδ’
386 2423 471 2503 ἔβαν.
492 2422 562 2488 ἀλλ>
580 2424 721 2504 Ὅμηρόε
740 2445 789 2488 τοι
808 2425 973 2505 τετίμακεν
991 2426 1052 2492 κτὲ.
1090 2432 1207 2492 Haereo
1226 2434 1307 2508 equi-

130 2520 198 2578 dem
215 2519 248 2577 in
265 2518 365 2579 verbis
384 2513 495 2592 ταμὼν
513 2514 586 2592 περὶ
606 2514 632 2596 ᾧ
652 2513 817 2597 φαεγάνῳ,
835 2538 895 2578 non
913 2520 1042 2597 Merger,
1060 2521 1112 2596 qui
1125 2525 1244 2583 vertens
1264 2523 1307 2582 sic

127 2599 200 2687 (τὰν
216 2600 330 2688 ἀλκὰν)
351 2607 575 2667 einhohrend
596 2603 664 2686 [hoc
678 2608 816 2667 videlicet
831 2612 877 2668 est
890 2605 1027 2686 ταμώνί]
1046 2610 1208 2686 ringsum
1227 2611 1307 2670 sein

127 2697 328 2768 Schwerdt,
357 2695 454 2754 addit:
485 2695 557 2755 Der
582 2697 774 2755 Ausdruch
802 2697 852 2757 ist
879 2718 947 2758 von
974 2698 1211 2757 maleriecher
1235 2699 1307 2758 An-

131 2783 418 2844 sehaulichkeiti
447 2784 536 2857 Mihi,
559 2787 594 2843 ut
615 2784 724 2844 leniter
747 2786 857 2860 dicam,
876 2787 1061 2863 perabsurda
1078 2787 1206 2847 videtur.
1238 2787 1307 2848 Nisi

131 2873 251 2951 egregie
270 2873 367 2950 fallor,
385 2875 491 2948 poetae
512 2872 646 2932 Thebani
664 2892 771 2933 manus
790 2876 862 2934 haec
878 2875 949 2935 fuit:
972 2870 1043 2950 τάν,
1063 2870 1142 2955 ὀψίᾳ
1160 2871 1197 2935 ἐν
1216 2875 1305 2936 νυκτὶ

129 2958 265 3024 ΠΕΤΩΝ
287 2955 410 3042 (πετών
430 2986 472 3010 --
491 2955 612 3043 πεεών)
631 2960 704 3037 περὶ
728 2964 772 3042 fiir
794 2960 963 3041 φαεγάνιυ,
988 2961 1119 3040 μομφὰν
1142 2960 1208 3039 ἔχει
1232 2962 1305 3025 παί-

129 3052 230 3111 δεττιν
248 3046 411 3112 Ἑλλάνων
429 3046 491 3110 κτὲ.
529 3053 608 3112 Noto
628 3072 684 3112 usu
708 3054 759 3127 qui
778 3071 831 3112 suo
854 3072 886 3111 se
909 3053 1009 3128 gladie
1034 3055 1166 3113 confodit
1190 3053 1304 3116 Graece

129 3141 239 3200 dicitur
252 3136 453 3219 περιπίπτειν
472 3140 517 3218 τῷ
536 3136 629 3216 Ξίφει.
657 3137 775 3214 Ταμών
789 3141 940 3216 glossema
954 3160 1019 3200 esse
1034 3146 1142 3217 potest,
1157 3145 1305 3218 quomodo

129 3230 208 3306 apud
227 3229 411 3306 Aeschylum
424 3230 456 3287 in
470 3229 686 3289 Eumenidibus
701 3248 745 3290 vs.
760 3231 823 3289 592
839 3228 1002 3308 ξιφουλκῷ
1017 3227 1097 3305 χειρί
1111 3227 1193 3305 πρὸ(
1207 3230 1305 3309 δέρην

126 3313 252 3393 τεμών
271 3319 350 3393 olim,
365 3320 511 3394 probante
526 3319 688 3392 Dindorfi0‚
702 3317 863 3396 genuinam
877 3320 1033 3379 lectionem
1055 3316 1181 3396 βαλών
1200 3322 1305 3381 eodem

131 3409 312 3483 glossemate
332 3409 537 3467 oblitteratam
556 3427 622 3468 esse
641 3408 766 3466 ostendi.

214 3515 267 3575 Vs.
283 3517 324 3574 47
350 3514 440 3589 μῆτιν
452 3507 493 3588 ,δ’
510 3508 652 3591 ἀλώπηξ,
672 3509 781 3575 αἰετοῦ
800 3509 833 3574 δ’
853 3509 907 3574 ἅτ’
924 3510 1164 3591 ἀναπιτναμένα
1183 3512 1304 3594 βόμβον

128 3597 217 3677 ίεχει.
256 3603 336 3662 Bene
355 3603 452 3662 locum
471 3602 688 3677 interpretatur
708 3607 794 3663 vetus
814 3604 987 3664 scholiasta:
1010 3600 1106 3665 ὑπτία
1125 3606 1193 3666 τοῖς
1212 3605 1304 3668 ποτὶν

127 3687 279 3766 ἀμύνεται
308 3687 348 3750 τὰ
377 3686 434 3765 μὲν
462 3686 723 3766 εὐλαβουμένη
753 3685 825 3774 (sibi
848 3684 969 3774 cavens)
998 3690 1038 3754 τὰ
1062 3688 1095 3754 δ’
1118 3689 1303 3770 ἀμύεεουεα.

127 3781 174 3841 Sic
195 3781 273 3841 enim
292 3781 420 3856 scripsit,
439 3799 499 3839 non
518 3781 597 3855 qnod
616 3780 680 3840 sine
700 3800 790 3841 sensu
809 3780 908 3841 editur
926 3782 1205 3860 τυλλαβομένη.ι

210 3867 320 3947 ‘Isthrm
335 3888 368 3945 -V
387 3888 428 3947 38
457 3881 516 3945 ἔλα
545 3883 604 3946 νύν
632 3905 683 3962 μοι
711 3882 890 3963 πεδόθεν,
918 3890 980 3949 scil.
1004 3883 1031 3948 ὦ
1055 3888 1169 3951 Μοῖεα.
1211 3893 1305 3953 Recte

128 3976 202 4035 haee
220 3975 413 4052 interpretari
431 3976 549 4035 videtur
568 3976 688 4050 Dissen,
712 3995 767 4036 nec
787 3977 941 4052 probanda
960 3978 1116 4039 Schmidtii
1135 3981 1305 4041 coniectura

127 4059 324 4138 (πιδόβεν,
342 4066 360 4125 i.
372 4085 396 4124 e.
411 4060 578 4139 μακρόθεν.
602 4065 634 4124 si
648 4067 720 4143 quid
733 4069 910 4127 mutandum
924 4068 1011 4147 foret,
1025 4069 1132 4129 melius
1146 4070 1302 4145 intellege-

127 4174 191 4214 rem
210 4147 401 4229 τχεδόθεν.

215 4244 320 4304 Isthm.
329 4242 373 4301 VI
386 4243 425 4301 15
443 4237 618 4318 εὔχεται-
634 4242 787 4319 δέξατθαι,
802 4249 973 4322 precatur
991 4249 1031 4305 ut
1049 4251 1301 4322 consequatur.

128 4331 172 4391 Of.
200 4333 328 4393 Boechh.
348 4332 386 4392 ad
411 4331 440 4393 h.
469 4333 489 4390 l.
535 4334 641 4395 Moneo
667 4337 791 4411 propter
818 4338 988 4412 Mergerum
1014 4336 1092 4394 male
1120 4339 1302 4399 vertentem:

130 4422 315 4496 gloriatur
334 4440 372 4482 se
391 4425 591 4496 expectare.
629 4423 705 4482 Vide
725 4442 787 4499 sqq.
