2864 4958
181 1069 185 1075 ’
216 1072 353 1134 Arduum
369 1091 440 1134 sane
455 1074 609 1151 negotium
624 1075 670 1133 est
683 1075 753 1151 post
766 1072 930 1151 Bergidum
944 1071 1077 1151 aliosque
1092 1070 1167 1134 bene
1181 1069 1299 1150 multos,

131 1183 259 1240 quorum
277 1167 378 1222 tamen
396 1183 483 1223 nemo
502 1163 577 1224 11111
599 1164 669 1222 huic
693 1164 858 1242 sagacitate
881 1182 936 1240 par
954 1166 985 1223 et
1003 1182 1096 1241 aeque
1115 1166 1252 1224 versatus
1269 1164 1302 1223 in

129 1253 267 1326 Pindaro,
286 1256 406 1328 poetam
425 1253 603 1312 Thebanum
622 1253 787 1314 emendare.
819 1253 922 1330 Longe
933 1252 1018 1329 xenim
1035 1253 1194 1329 plerosque
1213 1253 1302 1330 locos,

129 1343 182 1402 ubi
201 1343 417 1401 sententiarum
434 1362 527 1402 nexus
546 1344 653 1418 poetae
673 1345 812 1402 mentem
825 1344 897 1401 satis
921 1342 1101 1419 declarabat,
1120 1360 1188 1401 cum
1206 1341 1304 1401 aliena

129 1449 183 1507 ope
202 1425 336 1492 tum‘suo
355 1432 476 1508 ingenio
491 1432 534 1492 ita
548 1431 690 1509 restituit,
708 1435 744 1490 ut
760 1431 963 1506 probabiliora
981 1432 1106 1508 proponi
1119 1431 1179 1490 iarn
1193 1449 1302 1507 neque·

127 1523 192 1595 ant3
212 1521 248 1580 de
267 1521 431 1580 multorum
449 1524 550 1581 autem
568 1522 701 1580 locorum
716 1521 921 1581 emendatione
936 1520 1156 1596 desperandum
1174 1538 1238 1579 6666
1253 1521 1302 1581 vel

127 1610 196 1668 inde
216 1610 349 1685 colligas,
368 1610 457 1686 quod,
475 1613 510 1669 ut
529 1612 658 1686 quatuor
675 1610 738 1670 eius
758 1610 902 1670 editiones
921 1610 1118 1686 perlustranti
1136 1609 1301 1686 apparebit,

124 1699 188 1774 ipsc
212 1700 258 1759 vir
281 1698 452 1775 ingeniosus
481 1718 573 1760 novas
597 1699 629 1757 in
651 1718 702 1758 eos
717 1699 905 1773 identidem,
933 1719 987 1758 nec
1012 1718 1129 1775 semper
1151 1698 1299 1758 feliciores

126 1789 282 1863 proposuit
301 1787 494 1848 coniecturas.
526 1787 590 1847 Hos
608 1789 702 1864 igitur
719 1808 811 1864 quum
829 1808 889 1848 non
906 1791 1032 1864 tangere
1050 1789 1139 1864 longe
1158 1789 1299 1863 praestet,

127 1879 154 1936 ci
168 1877 345 1952 praesertim
360 1879 411 1953 qui
424 1897 484 1936 non
497 1877 590 1937 vitam
604 1877 723 1937 triverit
736 1878 768 1936 in
779 1878 907 1936 Pindaro
921 1877 1047 1954 legendo
1062 1880 1093 1936 et
1108 1875 1299 1951 emendando,

126 1985 186 2025 non
203 1967 247 2025 ita
271 1967 358 2024 multi
380 1969 498 2025 restant
519 1966 578 2026 loci
595 1966 758 2042 Pindarici,
782 1968 890 2042 quibus
917 1967 1046 2026 salutem
1068 1967 1193 2026 reddere
1216 1984 1303 2041 posse

128 2055 202 2113 mihi
225 2055 335 2115 videor.
373 2054 470 2125 Quare
494 2056 604 2115 criticis
628 2056 871 2115 adnotationibus
895 2056 970 2114 alias
993 2055 1123 2115 inseram
1145 2055 1303 2114 nonnullas

125 2163 163 2202 no
182 2144 271 2204 hodie
290 2144 419 2222 quidem,
439 2148 474 2204 ut
491 2144 617 2220 videtur,
635 2148 741 2220 poetae
761 2146 902 2204 studiosis
921 2163 1044 2221 prorsus
1062 2145 1193 2204 inutiles.
1223 2144 1303 2203 Nam

125 2234 156 2291 in
180 2233 340 2293 novissimo
369 2235 499 2310 Mergeri
521 2253 622 2310 opere,
651 2234 730 2310 quod
757 2235 934 2309 inscriptum
955 2235 1085 2293 Pindaro
1107 2233 1303 2307 Siepcslc'edcr,

127 2324 276 2398 quatenus
295 2323 326 2380 in
346 2342 380 2382 eo
400 2322 557 2398 exponitur
575 2325 612 2382 de
630 2323 703 2398 ipsis
723 2325 888 2383 carminum
902 2324 1096 2399 argumentis,
1116 2326 1304 2382 contemnen-

129 2412 201 2470 dum
220 2431 279 2470 non
296 2415 350 2486 est,
371 2413 557 2488 singulorum
574 2414 710 2472 locorum
723 2413 1002 2489 interpretationem
1015 2412 1069 2471 ubi
1081 2413 1188 2488 tangit,
1208 2413 1304 2471 multa

127 2501 245 2560 invenio
267 2502 323 2560 hoo
346 2502 492 2560 bonarum
510 2502 680 2560 litterarum
699 2503 855 2578 splendore
874 2501 1009 2578 indigna,
1034 2519 1111 2577 quae
1135 2500 1233 2559 omnia
1256 2519 1301 2559 rc·

126 2591 225 2649 futare
242 2591 273 2648 in
293 2590 391 2649 animo
409 2609 470 2650 non
488 2593 534 2650 est
554 2582 661 2670 (paene
680 2610 798 2666 semper
816 2591 895 2651 enim
914 2590 1027 2648 dudum
1044 2592 1114 2648 ante
1133 2589 1303 2665 Mergerum

125 2679 306 2755 interpretes
320 2699 422 2740 veram
436 2680 583 2740 rationem
601 2673 838 2761 intellexerunt),
855 2698 951 2756 pauca
964 2682 1063 2738 tamen
1077 2682 1209 2755 tangam,
1226 2697 1301 2755 quae

125 2768 242 2828 facilius
262 2769 465 2843 imprudentes
484 2770 589 2828 fallere
608 2788 696 2846 posse
714 2769 882 2830 rideantur.
910 2768 1089 2828 Huiusmodi
1109 2771 1163 2841 est,
1182 2767 1304 2827 uthina

126 2858 237 2930 ordiar,
263 2859 343 2933 quod
364 2856 482 2933 Olymp.
500 2859 516 2916 I
534 2877 578 2918 vs.
599 2861 617 2916 8
639 2851 724 2939 (μηδ’
738 2891 782 2899 -
797 2851 991 2938 αὐδάεομεν)
1011 2859 1126 2917 6616666
1146 2853 1224 2931 μηδὲ
1243 2876 1302 2916 non

127 2947 289 3004 deterritus
305 2949 408 3005 contra
422 2947 626 3023 Hartungium
644 2947 784 3023 perhibet
803 2941 983 3020 ododcopev
996 2965 1064 3006 esse
1078 2947 1223 3020 futurum,
1242 2964 1303 3004 non

127 3036 233 3094 aoristi
251 3036 481 3111 coniunctivum,
501 3036 628 3094 laudans
647 3037 710 3097 6611.
725 3037 757 3095 in
771 3037 835 3096 eius
849 3037 894 3095 roi
907 3035 996 3094 fidem
1009 3037 1109 3096 locum
1123 3034 1213 3110 Soph.
1228 3037 1302 3112 572,

130 3124 182 3183 ubi
200 3143 260 3183 non
277 3125 398 3185 videtur
415 3125 599 3185 intellexisse
617 3126 656 3184 ad
674 3125 749 3185 illud
769 3123 845 3202 μήτε
865 3125 1057 3202 cogitandum
1075 3143 1141 3184 esse
1159 3119 1250 3183 duwe
1268 3143 1304 3183 ex

127 3233 172 3274 vs.
192 3215 269 3287 567,
293 3218 324 3273 61
346 3217 427 3273 recto
450 3215 627 3273 Elmsleium
650 3214 797 3274 deleuisse
821 3233 864 3276 ve.
885 3216 957 3275 571.
995 3215 1064 3273 Non
1086 3214 1183 3289 magis
1201 3216 1303 3272 autem

128 3303 186 3360 huc
204 3302 310 3360 referri
331 3320 418 3378 posse
443 3320 519 3377 quae
543 3303 665 3378 collegit
682 3303 854 3378 Kruegerus
877 3303 909 3360 in
931 3321 1057 3378 gramm.
1078 3300 1168 3376 (16.6
1189 3303 1262 3375 394,
1284 3303 1301 3360 6

127 3384 177 3472 (61.
197 3391 263 3450 adn.
283 3388 303 3464 ξ
324 3393 398 3464 513,
419 3381 452 3471 2)
472 3392 520 3450 uel
538 3408 624 3449 caeco
643 3391 836 3449 manifestum
855 3394 909 3450 est.
942 3390 1004 3449 Nec
1025 3391 1062 3448 de
1080 3392 1219 3465 correpta
1236 3408 1303 3450 oon-

126 3479 252 3539 iunctivi
269 3479 366 3539 vocali
384 3499 467 3538 more
486 3479 644 3539 Homerico
663 3479 796 3538 dubitari
820 3479 892 3538 sinit
915 3480 998 3538 loeus
1023 3477 1069 3539 Ol.
1087 3479 1147 3538 VH
1167 3481 1185 3538 3
1210 3473 1306 3538 111εεῖ

125 3585 173 3628 τι(
185 3600 222 3610 --
235 3567 418 3650 δωρήεεται,
437 3568 508 3627 11661
527 3569 569 3628 ibi
589 3588 705 3645 quoque
724 3569 761 3628 de
779 3569 875 3646 Iongb
895 3560 1033 3650 (Pindari
1053 3587 1144 3630 carm.
1163 3565 1303 3644 Olympia

127 3659 206 3717 Trai.
226 3677 252 3717 a.
270 3659 326 3719 Rh.
348 3653 447 3742 1865)
466 3659 594 3733 pessime
612 3661 735 3718 tueatur
752 3660 889 3718 futurum
911 3657 984 3718 locis
1004 3658 1116 3717 66111661
1135 3657 1301 3717 Homericis

127 3746 163 3806 Il.
180 3745 201 3807 Ε
216 3749 258 3807 90
273 3751 304 3806 61
320 3749 392 3824 161,
411 3747 462 3806 611
480 3766 541 3807 non
554 3743 703 3822 ἐπιβρίεει
719 3749 750 3806 61
763 3741 838 3822 ἄξει,
858 3742 1065 3826 661ἐπιβρίεῃ
1085 3750 1117 3806 61
1131 3739 1188 3825 ἄξῃ
1207 3747 1302 3807 bonas

129 3837 275 3896 editiones
289 3837 400 3896 habero
410 3840 536 3896 constat.
559 3836 915 3922 Nccquidquamcertius
926 3836 1303 3912 estquamconiunctivum

128 3945 193 3985 6666
212 3920 420 3998 δαμωεόμεθα
438 3925 544 3984 Isthm.
563 3924 622 3982 VII
642 3929 670 3998 9,
689 3929 724 3984 ut
746 3926 806 3987 iam
828 3927 994 4002 antiquitus
1007 3926 1200 3993 intellectum
1219 3928 1303 3984 esta

75 4064 79 4069 .
128 4015 298 4087 scholiasta,
317 4014 368 4090 qui
386 4015 604 4090 interpretatur
622 4010 784 4088 παὶξωμεν
802 4011 852 4073 καὶ
872 4010 916 4074 εἰς
934 4011 992 4073 τὸν
1011 4014 1113 4088 δῆμον
1132 4007 1302 4088 ἀνάγωμεν

129 4095 419 4184 (1.616γάγωμεν).
448 4104 548 4162 Etiam
566 4101 722 4162 0111124
741 4097 829 4179 ὄφρα
850 4135 888 4145 -
913 4098 1000 4178 βὰεο
1007 4119 1074 4177 μεν
1093 4097 1199 4178 ὄκχον,
1218 4098 1302 4162 ἵκω-

129 4208 191 4265 μαι
214 4191 249 4252 δὲ
268 4188 331 4253 κτὲ.
354 4193 438 4269 prius
457 4193 583 4253 verbum
601 4211 661 4251 non
685 4193 773 4252 aliter
797 4212 887 4269 quam
909 4193 1059 4269 posterius
1081 4191 1301 4278 coniunctivum

128 4300 195 4341 esse
217 4283 376 4343 admodum
394 4283 513 4343 videtur
536 4281 699 4358 probabile.
735 4283 806 4341 Alia
824 4283 960 4360 exempla
977 4283 1078 4344 brevis
1097 4282 1170 4342 coni.
1189 4281 1301 4341 vocalis

128 4371 208 4448 apud
227 4372 389 4431 Pindarum
406 4392 465 4432 non
484 4371 611 4447 repperi.

1053 4469 1088 4522 1*
