2864 4958
626 282 781 338 Pindarica.
915 365 917 368 ι
1242 283 1283 347 27

109 451 315 529 φανωθῆναι,
340 451 385 511 Ol.
405 451 465 511 VII
487 454 558 513 148.
577 453 636 511 XII
656 454 706 512 25.
734 453 820 512 Nem.
839 451 883 510 VI
903 454 957 526 34,
977 453 1084 512 sedne
1103 453 1145 513 ibi
1165 453 1284 529 quidem
1368 481 1375 493 .

109 544 179 604 Aer.
203 543 280 601 med.
304 544 465 618 usurpatus
489 542 608 602 videtur
630 563 684 618 pro
707 543 840 619 passiv03
864 542 1016 603 commode
1040 543 1118 601 enim
1143 542 1189 601 his
1212 543 1284 602 locis

110 632 303 708 interpretari
316 631 386 690 licet
405 634 512 707 eaput
535 650 636 690 suum
656 632 801 707 cingere
820 651 963 704 corona,
986 649 1151 693 coronam
1171 632 1285 710 capiti

109 741 172 782 suo
192 722 384 796 imponere.
413 720 490 780 Utut
509 724 564 796 est,
582 722 631 781 vel
646 721 670 780 si
685 721 919 796 quamplurima
933 723 1086 780 exstarent
1104 720 1285 781 aoristorum

108 812 186 872 med.
205 813 236 869 et
252 829 332 886 pass.
352 828 406 885 pro
425 810 525 868 lubitu
543 810 746 869 adhibitorum
769 810 915 885 exempla,
939 811 1041 885 qualia
1064 813 1134 869 sunt
1156 811 1249 870 citata
1267 829 1286 870 a

107 899 240 978 Berglrio
259 893 400 974 ἠγάεθην
417 902 447 958 et
465 893 637 974 ἠγαεάμην,
656 894 866 974 ἐετρατεύθην
882 891 912 958 et
929 893 1189 974 ἐετρατευεάμην,
1208 919 1285 976 quae

111 992 177 1050 sola
193 989 242 1047 hic
260 989 386 1050 veniunt
403 988 434 1046 in
453 1007 583 1062 censum,
604 1008 641 1048 ne
661 989 703 1048 sic
721 988 838 1064 quidem
860 991 946 1048 cauto
965 989 1164 1066 prudentique
1183 989 1284 1050 critico

109 1080 214 1140 liceret
240 1079 318 1138 tales
347 1078 513 1160 anomaliae
538 1078 597 1154 ipsi
620 1078 747 1155 fingere,
775 1078 870 1137 multo
899 1080 1000 1137 autem
1022 1079 1126 1138 minus
1155 1079 1295 1149 scribere,

95 1163 347 1250 ,χαραεεάμενοε
357 1187 411 1243 pro
427 1162 655 1242 χαραξάμενοε.
685 1167 802 1237 Quanto
816 1167 923 1226 melius
939 1167 1010 1227 olim
1024 1169 1177 1244 magister,
1197 1187 1285 1244 quem

108 1259 143 1317 B.
163 1257 334 1333 vilipendit,
357 1257 543 1332 Byzantinus
569 1257 736 1316 coniecerat
759 1251 982 1331 χωεάμενοε
1001 1276 1055 1332 pro
1074 1251 1284 1332 χρηεόιμενοελ
1353 1257 1355 1263 ’

178 1381 181 1387 -
198 1346 250 1406 Vs.
271 1349 311 1406 67
337 1340 423 1407 εἶδεν
442 1339 475 1405 δ’
493 1341 647 1406 εὔκυκλον
667 1342 794 1420 ἕδραν,
814 1345 879 1405 τᾶε
898 1341 1039 1420 οὐρανοῦ
1060 1345 1187 1422 βαειλῆε
1206 1341 1284 1406 πόν-

109 1454 166 1497 του
195 1429 226 1495 τ’
255 1429 488 1510 ἐφεζόμενοι
517 1434 581 1495 κτλ.
623 1435 689 1494 Diei
712 1437 865 1511 nequeunt
888 1435 1029 1496 convivae
1052 1430 1218 1510 ἐφέζεεθαι
1243 1468 1284 1477 -

111 1524 219 1601 ἐδραε,
246 1525 393 1602 siquidem
416 1526 580 1584 assidentes
604 1525 716 1584 mensis
740 1516 773 1603 (i.
793 1544 817 1584 e.
836 1517 1041 1605 ἐφεζόμενοι)
1067 1524 1200 1584 efficiunt
1225 1525 1283 1600 ipsi

110 1611 263 1676 εὔκυκλον
288 1611 393 1688 ἕδραν.
431 1614 619 1690 Quapropter
642 1613 860 1674 emendandum
887 1613 1018 1674 arbitror
1046 1610 1114 1674 τὰν
1143 1609 1284 1689 οὐρανοῦ

112 1704 238 1781 βαειλῆε
257 1698 379 1764 πόντου
400 1698 430 1762 τ’
449 1699 640 1779 ἐφεζόμενοι
659 1699 721 1764 κτέ.
1213 1700 1216 1704 ’

198 1795 283 1854 Nem.
298 1793 341 1852 VI
358 1797 399 1854 10
422 1813 528 1870 parum
551 1797 677 1854 venuste
701 1793 810 1853 dicitur
828 1787 992 1868 ἄρουραι
1012 1826 1052 1834 —
1075 1786 1143 1867 βίον
1168 1787 1283 1868 ἀνδρά-

113 1901 159 1945 ειν
179 1880 359 1957 ἐπηετανόν
378 1879 418 1943 ἐκ
436 1879 580 1943 πεδίων
599 1878 723 1943 ἐδοεαν.
751 1883 911 1958 Expecteri
923 1884 1025 1958 potest
1038 1881 1201 1944 infinitivus
1221 1902 1284 1943 sus-

109 1992 220 2050 pensus
235 1993 271 2033 ex
286 1968 414 2047 ἐδοεαν,
434 1974 523 2032 velut
536 1969 746 2033 ἐκπονέειν.
771 1971 1003 2031 Commemorari
1018 1972 1110 2031 etiam
1123 1974 1285 2048 potuerunt

109 2063 203 2139 ipsius
232 2065 330 2122 terrae
356 2063 475 2122 labores
503 2065 626 2138 propter
654 2062 824 2138 oppositum
852 2055 1125 2138 ἀναπαυεὰμενοι,
1152 2061 1231 2137 quod
1260 2061 1285 2120 si

110 2153 237 2227 sactum,
256 2152 318 2228 legi
335 2152 431 2234 possit
449 2148 488 2212 ἐκ
507 2146 694 2226 καμάτων.
730 2152 809 2210 Nlud
828 2154 930 2210 tamen
948 2151 1151 2226 praetulerim.

199 2242 285 2301 Nem.
304 2241 363 2300 VH
383 2246 458 2318 2sq.
495 2241 550 2300 His
568 2261 616 2300 me
636 2241 731 2301 iudice
749 2241 824 2300 nihil
843 2243 889 2300 est
909 2241 1019 2316 sanius,
1038 2244 1069 2299 et
1087 2241 1183 2299 multo
1201 2259 1284 2317 prae-

112 2334 174 2391 stat
193 2331 327 2392 codicum
344 2332 433 2391 lectio
452 2331 577 2408 Bergkii
596 2335 626 2391 et
644 2331 808 2408 Hertungii
831 2330 1017 2390 coniecturis.
1055 2329 1174 2406 Optime
1193 2330 1285 2391 vertit

108 2421 239 2481 Boeckh.

199 2509 251 2570 Vs.
273 2511 312 2569 15
333 2505 361 2569 εἰ
381 2505 594 2585 Μναμοτύναε
614 2505 699 2569 έκατι
719 2503 960 2584 λιπαράμπυκα(
980 2504 1109 2583 εὕρηται
1128 2500 1219 2589 (εὕρῃ
1239 2525 1285 2569 τιε

111 2593 245 2678 Schmid)
269 2592 388 2658 ἄποινα
417 2594 546 2674 μόχθων
570 2597 728 2659 κλυταῖε
751 2595 859 2658 ἐπέων
887 2593 1046 2657 ἀοιδαῖε.
1091 2598 1185 2657 Immo
1213 2617 1297 2658 vero·

109 2685 265 2749 κλυταὶε
284 2720 326 2729 -
346 2683 508 2763 ἀοιδαίε,
533 2687 654 2748 Aeoliae
674 2712 715 2736 =
735 2683 850 2747 κλυτὰε
870 2681 994 2762 ἀοιδάε,
1017 2690 1051 2746 ut
1068 2687 1135 2770 ipsa
1154 2687 1286 2747 carmina

108 2781 252 2839 vocentur
265 2779 425 2854 praemia
438 2780 617 2854 laborum,
631 2779 667 2836 cl.
681 2779 771 2855 Pyth.
785 2777 816 2836 Π
833 2779 872 2837 13
889 2771 998 2838 ἄλλοι(
1013 2773 1048 2837 δέ
1063 2793 1109 2836 τιε
1123 2773 1285 2837 ἐτέλεεεεν

109 2862 208 2927 ἄλλο(
227 2862 307 2941 ἀνὴρ
327 2863 468 2941 εὐαχέα
489 2867 663 2943 βαειλεῖιειν
681 2863 814 2946 ὕμνον,
836 2860 965 2926 ἄποιν’
988 2861 1134 2940 ἀρετᾶε.
1163 2866 1281 2926 Novum

101 2958 165 3015 ·hoc
188 2957 309 3015 accedat
332 2958 500 3032 exemplum
525 2957 562 3016 iis
587 2977 663 3034 quae
686 2957 808 3033 collegit
830 2955 979 3031 Bergkius
1003 2956 1041 3013 ad
1064 2955 1152 3030 Pyth.
1175 2955 1206 3012 ΙΙ
1234 2959 1284 3032 21,

109 3046 161 3105 ubi
174 3047 276 3104 tamen
291 3045 427 3121 equidem
440 3048 576 3121 praefero
590 3048 747 3123 vulgatam
761 3042 927 3120 ἐφετμαῑε,
946 3044 1130 3121 iungendum
1143 3062 1203 3102 non
1212 3062 1283 3103 ‘cum

109 3132 229 3207 λέγειν,
249 3136 300 3194 sed
320 3155 386 3194 cum
405 3136 505 3196 verbis
523 3133 560 3196 ἐν
579 3133 746 3210 πτεροέντι
764 3135 872 3213 τροχῷ
891 3134 997 3211 παντᾷ
1015 3127 1253 3208 κυλινδόμενον.

199 3222 251 3284 Vs.
277 3228 316 3284 72
346 3221 383 3284 dc
411 3222 633 3300 ἐξέπεμψα(
656 3218 892 3299 παλαιεμάτων.
938 3222 1131 3282 Grammatici
1158 3223 1284 3283 alicuius

109 3303 346 3373 emendationem
366 3333 431 3372 esse
449 3310 631 3388 ἐξέπεμψα(
651 3332 706 3389 pro
725 3310 905 3388 ἐξέπεμψεν
924 3313 1054 3371 dandum
1073 3312 1120 3370 est
1142 3312 1284 3388 Bergkio,

108 3423 180 3463 num
199 3404 300 3461 tamen
317 3405 399 3462 recte
416 3402 549 3461 iustam
568 3420 634 3461 eam
649 3403 736 3479 dicat,
755 3403 869 3465 dubito.
899 3401 966 3462 Vid.
980 3401 1097 3477 Dissen‚
1116 3401 1167 3477 qui
1185 3402 1284 3461 locum

108 3491 292 3568 probabilius
317 3492 457 3568 expedire
479 3491 554 3551 mihi
572 3491 691 3552 videtur
709 3511 798 3568 quam
818 3492 945 3567 Merger.
986 3491 1021 3549 In
1044 3509 1088 3551 vs.
1106 3509 1284 3568 praegresso

108 3579 207 3656 τέρμα
226 3577 371 3658 προβάε
389 3583 633 3658 interpretantur,
648 3582 734 3658 quasi
748 3583 788 3642 sit
806 3575 985 3657 ὑπερβάε,
1005 3581 1151 3658 quoium,
1171 3581 1285 3657 ignoro.

110 3670 232 3747 Aliquid
250 3670 318 3730 vitii
337 3672 459 3732 subesse
478 3671 663 3733 crediderim.

198 3760 283 3818 Nem.
302 3760 415 3820 ville
445 3761 510 3822 τῶν
535 3754 692 3835 ἀρειόνων
714 3755 847 3834 ἐρώτων
875 3755 1095 3834 ἐπικρατεῖν
1124 3754 1284 3820 ούναεθαι.

109 3849 204 3908 Vetus
219 3850 309 3908 schol.
328 3848 394 3909 τῶν
415 3846 587 3925 βελτιόνων
606 3845 737 3925 ἐρώτων
756 3846 958 3924 ἐπιθυμεῖν
978 3844 1129 3907 corucem
1148 3845 1198 3908 καὶ
1217 3845 1283 3908 ἐπι-

109 3937 246 4012 κρατεῖν.
274 3937 436 4014 Scripsisse
450 3939 570 4000 videtur
589 3936 806 4012 ἐπιτυχεῖν,
826 3942 857 3998 et
874 3938 939 3998 fieri
957 3940 1057 4013 potest
1075 3940 1111 3995 ut
1124 3938 1203 4014 apud
1217 3938 1283 3997 Pin-

109 4028 214 4086 darum
233 4027 342 4102 legerit
360 4025 572 4103 έπικυρεῖν,
596 4029 615 4089 i.
635 4047 660 4090 e.
679 4022 914 4102 ἐπιτυγχάνειν,
934 4021 1114 4101 λαγχάνειν.

199 4117 243 4176 Ib.
264 4119 303 4175 21
330 4110 416 4191 ὄψον
441 4113 490 4196 [δέ
515 4112 621 4196 λόγοι]
645 4117 858 4193 φθονεροῖειν.
896 4116 971 4176 Pare
998 4116 1143 4176 librorum
1167 4136 1224 4176 om.
1248 4113 1283 4176 δέ

110 4200 216 4284 λόγοι,
247 4206 326 4282 quod
353 4226 420 4265 cum
444 4206 564 4266 Christo
587 4207 702 4266 librarii
726 4207 968 4282 supplementum
992 4224 1057 4266 esse
1080 4207 1177 4266 oredo.
1217 4206 1286 4267 Non

109 4296 189 4354 male
207 4294 309 4356 Christ
328 4290 414 4371 ὄψον
434 4287 619 4371 φθονεροῖει
638 4291 694 4374 <δέ
714 4291 873 4374 μόμφοι>,
897 4295 955 4356 nisi
976 4296 1055 4373 quod
1072 4314 1130 4356 vox
1149 4289 1284 4370 μόμφοε,

109 4402 187 4461 quae
210 4385 248 4444 ab
267 4385 476 4446 Antiatticista
498 4385 634 4461 Euripidi
656 4385 813 4461 tribuitur,
835 4385 905 4445 licet
928 4386 1004 4445 bene
1029 4385 1171 4461 formata,
1195 4385 1283 4446 nimis

108 4477 210 4534 tamen
233 4474 344 4534 dubiae
366 4476 556 4537 auctoritatis
580 4476 801 4582 essexridetur,
828 4494 920 4552 quare
942 4474 1042 4550 potius
1072 4470 1112 4533 δέ
1136 4469 1283 4552 μομφαί
