2864 4958
493 269 496 273 ’
608 251 763 308 Pindarico.
1227 251 1268 314 31

99 436 103 441 ·
186 425 237 483 Vs
255 423 297 484 58
321 417 379 481 τὸν
399 415 551 495 Αργείων
569 414 692 495 τρόπον
711 415 865 496 εἰρήεεται
884 417 949 480 ποῖν
967 416 1004 479 ἐν
1024 414 1207 495 βραχίετοιε.
1233 419 1269 478 In

97 516 267 590 fragmento
283 511 445 587 Sophocleo
465 511 544 586 quod
563 511 652 569 affert
670 510 844 570 scholiasta·

310 618 409 694 μῦθοι
428 613 488 691 γὰρ
509 611 683 692 Αργολιετὶ
703 614 938 692 ευντέμνειν[β
905 611 1052 694 [βραχύε]

97 729 236 788 ultimam
254 745 358 787 vocem
375 726 525 802 glossema
544 744 610 785 esse
628 725 771 801 suspicor,
791 723 967 800 Sophoclem
985 727 1086 784 autem
1104 722 1270 797 scripsisse:

217 833 314 908 pocot
333 825 502 912 (μύθουεῖ)
522 828 582 906 γὰρ
602 825 776 905 Ἀργολιετὶ
795 829 976 906 ευντὲμνειν
1001 827 1140 909 (φιλεῖ).

186 1120 388 1196 Fragment.
415 1121 476 1179 101
497 1110 621 1221 (Bergk
642 1118 694 1176 cd.
706 1117 764 1176 IVt
751 1109 858 1197 ta)de
882 1117 1034 1192 Apolline:
1058 1111 1270 1221 περιοιναθεὶε

98 1207 190 1301 ἐπῄει
208 1207 270 1281 γᾶν
288 1203 340 1267 καὶ
359 1203 518 1272 θάλαεεαν
537 1204 588 1266 καὶ
607 1207 780 1266 εκοπιαῖειν
799 1201 949 1281 μεγάλαι(
964 1200 1105 1279 ὀρέων“
1088 1221 1169 1278 υπερ
1188 1199 1270 1278 ἔκτα,

97 1296 149 1359 καὶ
153 1285 282 1373 μυχοὺε
296 1292 499 1356 οινάεεατο
517 1291 713 1371 βαλλόμενοι
727 1294 882 1370 κρηπῖδα(
896 1289 1028 1355 ἀλιέων.
1056 1294 1271 1369 Peringeniosa

95 1387 220 1463 Bergkii
247 1386 416 1472 coniectura
443 1389 490 1445 est
518 1380 684 1458 ίνάεατο,
713 1385 865 1444 afferentis
892 1385 1024 1459 glossam
1048 1383 1269 1459 Hesychianam

97 1472 328 1536 inritato·—
349 1470 512 1549 ἐκάθαρεν,
532 1477 584 1534 scd
603 1475 693 1533 etiam
712 1474 818 1549 lenius,
836 1477 901 1532 mut
888 1476 953 1532 tata
971 1474 1090 1548 virgula
1108 1474 1177 1547 post
1195 1466 1269 1531 ἔκτα

95 1566 126 1625 in
135 1569 281 1642 punctum
294 1565 366 1623 vel'
358 1584 388 1622 m
402 1564 623 1640 hypostigmen,
633 1563 779 1639 corrigas:
795 1559 846 1622 καὶ
855 1560 974 1637 μυχοὺε
989 1556 1044 1620 δ”
1037 1556 1193 1621 ινάεατο
1208 1555 1271 1620 κτὲ.

184 1671 306 1746 Fragm.
324 1672 384 1729 123
406 1661 464 1751 (=
481 1672 544 1730 100
559 1669 603 1731 ed.
617 1663 680 1750 ΠΙ)
693 1689 737 1730 vs.
753 1673 771 1728 6
796 1667 814 1744 ἢ
835 1664 1017 1741 γυναικείαν
1036 1663 1143 1742 θράεει
1162 1663 1271 1742 ψυχὰν

94 1760 244 1837 φορεῖται
262 1758 366 1818 πᾶεαν
385 1753 465 1818 ὁδὸν
483 1755 680 1832 θεραπεύων.
707 1759 868 1834 Perperam
881 1759 1002 1818 Dissen:
1022 1777 1156 1817 omnem
1176 1759 1271 1817 viam

96 1867 265 1926 sequens,
284 1869 338 1924 pro
357 1847 461 1907 πάεαν
479 1845 600 1923 ἡδονὴν
619 1844 816 1923 θεραπεύων.
845 1848 889 1905 Tu
908 1848 1011 1924 iunge:
1032 1843 1140 1921 ψυχὰν
1159 1847 1270 1922 φορεῖ-

94 1956 146 1998 ται
170 1937 274 1999 ποῖεαν
298 1932 390 2012 ὁδόν,
414 1933 602 2012 θεραπεύων
621 1929 815 2018 (γυναῖκας),
840 1937 919 2012 quod
943 1938 1029 1997 subst
1016 1937 1165 1997 tantivum
1189 1955 1271 1995 more

95 2028 217 2087 Graecis
227 2046 370 2103 perquam
380 2026 521 2086 familiari
536 2027 711 2086 eliciendum
723 2045 923 2103 epraegresso
934 2020 1139 2104 γυναικείῳ
1155 2021 1270 2099 epora.

96 2118 257 2192 Perperam
275 2136 323 2174 me
341 2116 438 2204 iudico
453 2115 554 2192 Bergk
570 2109 630 2197 (cd
643 2109 734 2218 IVta)
748 2135 803 2191 pro
822 2110 989 2194 γυναικείῳ
1008 2114 1144 2191 reposuit
1162 2130 1270 2187 γυναι-

95 2201 194 2280 κείαν,
218 2205 419 2282 interpretans
431 2196 553 2279 ψυχὰν
577 2199 759 2277 γυναικείαν
783 2201 971 2278 θεραπεύων
995 2205 1143 2279 φορεῖται
1166 2202 1271 2263 πάεαν

99 2289 187 2352 ὁδόν.
222 2295 278 2351 Est
265 2297 398 2353 tautam
416 2290 524 2369 ψυχάν
542 2315 614 2440 proI
616 2289 743 2368 ψυχράν
763 2314 800 2370 ορ
802 2295 876 2353 tima
894 2293 1065 2353 Schneideri
1084 2294 1236 2354 correctio.

187 2382 307 2458 Fragm.
330 2383 391 2441 159
418 2376 495 2461 (136
521 2383 599 2442 ed.I
600 2376 645 2464 Ι)
674 2377 816 2457 Ἀνδρων
845 2379 976 2442 δικαίων
1004 2377 1121 2458 χρόνοι
1150 2381 1270 2457 εωτὴρ

97 2465 230 2547 ἀριετοε.
266 2471 503 2547 Expectaveram
520 2472 634 2547 potius:
657 2466 785 2547 ἀνδρῶν
810 2467 939 2532 δικαίων
959 2468 1076 2546 χρόνοε
1100 2470 1269 2546 γνωετὴρ

96 2553 233 2635 ἀριετοε,
259 2578 335 2636 quae
359 2559 519 2620 tritissima
543 2563 589 2620 est
611 2561 690 2637 apud
714 2565 831 2622 veteres
856 2562 1012 2620 sententia.
1050 2560 1093 2620 Of.
1119 2561 1204 2621 Pind.
1225 2560 1270 2620 Ol.

96 2649 112 2706 l
132 2652 184 2708 33.
202 2649 229 2706 Χ
250 2650 300 2708 65.
320 2647 460 2709 Simonid
481 2650 517 2712 fr.
534 2651 606 2710 175.
635 2650 765 2727 Theogn.
787 2653 924 2727 967sqq.
951 2648 1088 2726 SophsO.
1102 2651 1136 2709 R.
1153 2652 1269 2724 crcsq.

95 2738 230 2814 Euripid.
248 2737 337 2814 Hipp.
360 2739 443 2799 1051
457 2757 500 2815 sq.
520 2731 570 2821 (ef.
590 2741 654 2799 428
667 2732 738 2820 sip),
762 2740 841 2798 idem
865 2740 943 2815 apud
963 2739 1045 2799 Stob.
1064 2740 1128 2798 Ecl.
1147 2739 1271 2816 Phys.l

94 2847 122 2902 p.
144 2830 216 2887 122.
248 2826 327 2888 Plau
347 2826 450 2904 Symp.
468 2848 497 2903 p.
518 2827 624 2904 184A,
643 2828 716 2888 Xen.
737 2828 815 2887 Hell.
834 2828 881 2886 ΠΙ
902 2831 930 2902 3,
950 2831 979 2888 2.
1009 2828 1167 2904 Dionysius
1187 2828 1270 2886 Hali-

94 2935 174 2974 carn.
189 2916 225 2973 de
241 2919 314 2975 orat.
329 2920 390 2974 ant.
404 2935 467 2992 cap.
482 2916 521 2991 Il,
536 2917 588 2975 ubi
602 2918 675 2976 haec
689 2916 811 2976 Pindari
824 2918 916 2977 verba
931 2919 1070 2989 servavit,
1091 2917 1132 2976 sic
1152 2917 1269 2976 scribit:

95 2998 178 3063 ἀλλὰ
196 2999 257 3078 γὰρ
276 2999 316 3063 οὐ
335 2999 435 3078 μόνον
454 2999 583 3079 ἀνδρῶν
602 3001 732 3066 δικαίων
756 3000 873 3080 χρόνοι
898 3004 1018 3081 εωτὴρ
1042 3000 1166 3079 ἀρκτοι
1190 3002 1270 3064 κατὰ

95 3088 274 3169 Πίνδαρον,
301 3087 385 3152 ἀλλὰ
403 3089 454 3152 καὶ
472 3093 597 3169 τεχνῶν
617 3126 658 3135 -
681 3127 718 3136 —-
740 3089 858 3157 Ἐδειξε
879 3090 907 3154 δ’
925 3090 943 3154 ὁ
963 3089 1036 3155 καθ’
1054 3091 1134 3169 ἡμᾶς
1153 3088 1270 3169 χρόνοε

95 3215 136 3223 -
159 3214 196 3223 —-
222 3179 273 3242 καὶ
296 3177 443 3243 ἀπέδωκε
467 3185 505 3264 τῇ
530 3181 587 3259 μὲν
612 3177 728 3263 ἀρχαίᾳ
748 3181 799 3245 καὶ
818 3181 961 3261 εώφρονι
980 3179 1128 3264 ῥητορικῇ
1147 3182 1205 3260 τὴν
1225 3183 1269 3242 δι-

94 3267 187 3347 καίαν
210 3269 315 3346 τιμήν,
338 3271 387 3346 ἣν·
402 3268 453 3330 καὶ
476 3267 637 3347 πρότερον
661 3268 740 3349 εἶχε,
763 3273 868 3333 καλῶ(
892 3269 1070 3348 ἀπολαβεῖν
1089 3269 1151 3333 κτὲ.
1188 3272 1269 3341 Quae

95 3359 190 3418 oratio
213 3379 272 3418 non
294 3359 338 3418 ita
357 3364 529 3435 comparata
552 3363 612 3435 est,
635 3364 670 3420 ut
691 3362 804 3438 liquido
827 3366 956 3437 constet,
982 3366 1085 3421 utrum
1108 3362 1268 3437 Dionysius

95 3448 1269 3528 currfiposospitatoremlegeritanrvurcripc,aestimatorem,

93 3541 254 3598 testem.
292 3539 441 3597 Nimirum
465 3540 566 3615 agitur
588 3539 631 3599 ibi
650 3540 685 3599 de
704 3541 823 3617 scriptis
847 3541 998 3602 veteribus
1018 3561 1077 3600 ιιοιι
1096 3541 1269 3616 deperditis,

95 3628 160 3704 sed,
179 3631 339 3703 postquam
356 3648 448 3707 pravo
471 3628 625 3688 hominum
647 3629 756 3690 iudicio
775 3631 826 3689 diu
845 3632 981 3707 neglecta
1004 3631 1169 3703 tacuerant,
1193 3650 1269 3690 novo

93 3717 205 3777 honore
227 3716 321 3792 ipsius
345 3720 444 3777 aetate
466 3718 701 3779 florescentibus.
736 3720 817 3780 Fieri
841 3724 943 3779 tamen
965 3723 1065 3795 potest
1088 3723 1123 3779 ut
1148 3718 1268 3794 εωτήρ

94 3805 314 3864 sollicitandum
332 3807 459 3881 uon-sit,
477 3809 665 3884 volueritque
683 3809 730 3870 his
748 3809 848 3869 verbis
863 3809 1009 3868 Pindarus
1029 3809 1196 3886 significare
1215 3809 1268 3867 iu-

94 3895 233 3952 storum
255 3895 435 3955 hominum
459 3889 596 3976 (propter
618 3897 723 3958 laudes
747 3897 854 3974 quibus
878 3892 935 3956 ὑπ’
954 3892 1075 3958 ἀοιδῶν
1094 3893 1214 3970 λογίων
1232 3914 1267 3957 τε

94 3976 298 4066 celebrantur)
316 4004 505 4061 numquam
524 3985 680 4046 interire
699 3988 914 4047 memoriam.

182 4073 302 4148 Fragm.
314 4075 386 4136 189.
413 4075 472 4135 Ριο
486 4071 644 4150 πανδαμεί
658 4077 777 4154 legatur
792 4071 939 4151 πανδαμί.
966 4076 1011 4138 Of.
1025 4076 1147 4152 Lapid.
1161 4077 1268 4136 testi-

94 4181 182 4222 mon.
201 4163 229 4222 d.
249 4162 276 4222 d.
296 4163 341 4236 A,
361 4183 391 4238 p.
411 4167 461 4224 82.

180 4252 300 4329 Fragm.
316 4254 379 4312 207
396 4243 474 4335 (191
491 4254 536 4312 ed.
550 4245 611 4335 ΠΙ)
626 4249 793 4330 Ταρτάρου
812 4252 939 4329 πυθμὴν
957 4252 1056 4316 πιέζει
1076 4249 1106 4314 c'
1120 4249 1267 4316 ἀΦανέοε

93 4335 362 4414 εφυρηλάτοιε-
378 4373 419 4383 -
435 4336 595 4415 ἀνάγκαις.
629 4341 760 4404 Offendit
778 4344 891 4403 humile
906 4346 1082 4405 vocabulum
1101 4345 1132 4402 in
1151 4345 1268 4421 magni-

92 4429 286 4489 ficentissima
304 4432 447 4493 oratione.
485 4432 534 4491 An
552 4433 611 4508 fuit
629 4427 796 4495 ἀΧοινέοεῬ
818 4494 833 4524 ,
