2864 4958
571 243 574 250 ¹
604 267 760 326 Pindarico.
1224 271 1268 338 25

92 442 194 501 autem
209 454 228 513 χ
233 433 363 515 ρόμος,
384 458 461 517 quae
477 442 523 500 est
537 438 692 498 Schmidtii
705 438 875 499 coniectura
888 458 942 516 pro
958 432 1083 516 χρόνος,
1098 441 1156 502 dici
1169 441 1268 518 potuit

94 525 199 605 ψυχὰς
217 523 426 589 ἀποπνεῦςαι.
455 529 528 588 Mihi
546 529 640 589 latere
658 527 778 588 videtur
796 548 860 603 vox,
880 547 956 606 quae
974 529 1098 589 fauces
1121 530 1268 608 significet

93 638 202 696 easque
226 619 387 696 hiantes3
410 619 467 678 hae
491 618 569 677 enim
591 620 672 678 recte
695 617 834 693 spiritum
861 618 986 678 reddere
1011 617 1158 680 dicuntur.
1195 621 1268 680 Tale

92 711 194 769 autem
214 711 261 768 est
284 710 435 770 servatum
454 708 491 767 ah
511 707 662 783 Hesychio
682 701 812 781 χάνος·
832 702 957 782 ετόμα.
986 706 1029 768 cf.
1050 702 1160 783 χᾶςμα.
1193 708 1268 769 Sori-

93 800 163 860 bam
171 797 266 874 igitur
276 790 467 872 ἀγχομένοις
478 793 513 856 δὲ
529 791 645 872 χάνοι
659 792 765 871 ψυχὰς
779 790 978 857 ἀπέπνευεεν
989 794 1112 872 μελέων
1123 791 1267 873 ἀφάτων.

182 886 236 951 Vs.
255 888 298 947 50
320 883 371 946 καὶ
396 881 458 961 γὰρ
478 879 559 945 αὐτὰ
577 880 682 946 παιςὶν
702 880 837 966 (egregie
856 886 957 963 Bergk
978 907 1032 963 pro
1051 881 1174 964 uocclv)
1194 880 1264 948 ἀπε-

93 975 175 1037 πλοε
206 969 368 1051 ἀρούςαις’
394 969 459 1036 ἀπὸ
487 974 661 1051 ςτρωμνάε,
693 969 780 1050 ὅμως
812 968 932 1050 ἄμυνεν
965 972 1055 1051 ὕβριν
1083 972 1267 1039 κνωδάλων.

94 1066 170 1136 Quia
189 1059 276 1141 ὅμως
295 1059 388 1147 (mele
408 1063 509 1125 Christ
528 1064 622 1124 edidit
639 1056 738 1144 ὁμῶς)
757 1065 889 1140 pertinet
907 1066 944 1124 ad
964 1058 1109 1126 ἄπεπλος
1127 1067 1268 1144 valetque

93 1150 215 1230 καίπερ,
234 1155 335 1231 potius
353 1155 565 1231 interpungam
584 1147 649 1214 ἀπὸ
669 1152 831 1230 ςτρωμνάς
849 1148 945 1232 ὅμως,
964 1149 1084 1229 ἄμυνεν
1103 1151 1164 1216 κτὲ.

182 1245 268 1305 Nem.
286 1243 373 1303 1112
395 1236 555 1319 Ὠαρίωνα
573 1243 703 1305 νεῑςθαι.
729 1244 833 1320 Bergk
851 1244 896 1303 ed.
914 1242 992 1303 IVta
1010 1237 1162 1318 Ὠαρίων’
1181 1238 1266 1306 ἀνεῖ-

93 1337 176 1408 ςθαι,
204 1334 223 1392 i.
243 1352 268 1394 e.
292 1326 483 1395 ἀνανεῖςθαι.
520 1331 660 1410 Credam,
687 1333 740 1392 ubi
764 1332 894 1409 primurn
916 1333 1089 1409 probaverit
1116 1327 1267 1412 ἀνεῑςθαι,

93 1423 308 1501 orthographia
326 1425 443 1483 tantum
461 1422 611 1484 diversum
630 1423 668 1482 ab
688 1417 857 1495 ἀννεῖςθαι,
876 1425 956 1483 recto
975 1422 1123 1498 corripere
1140 1424 1267 1499 primam

94 1513 251 1591 syllabam.
1301 1581 1304 1587 ¹

181 1594 267 1662 Nemss
286 1600 333 1660 ΙΠ
355 1604 393 1685 19
423 1596 452 1661 εἰ
475 1594 508 1661 δ’
530 1598 595 1662 ἐὼν
622 1597 720 1662 καλὸς
747 1595 870 1676 ἔρδων
897 1594 930 1661 τ’
956 1594 1112 1661 ἐοικότα
1140 1603 1270 1681 μορφᾷ

93 1687 242 1766 ἀνορέαις
260 1684 451 1765 ὑπερτάταιε
465 1686 566 1766 ἐπέβα
580 1691 656 1751 παῖς
670 1684 924 1766 Ἀριςτοφᾶνευς,
943 1685 1049 1751 οὐκέτι
1063 1684 1172 1766 πρόςω
1191 1684 1268 1767 ἀβά-

91 1797 152 1842 ταν
171 1775 234 1841 ἀλα
252 1774 369 1840 κιόνων
384 1775 464 1855 ὑπὲρ
482 1776 657 1856 Ἡρακλέος
671 1779 773 1854 περᾶν
788 1775 922 1855 εὐμαρὲς
941 1776 1002 1840 κτὲ.
1031 1780 1131 1856 Vulgo
1146 1784 1269 1841 sumunt

92 1870 236 1947 apodosin
250 1869 392 1952 incipiab
407 1865 525 1945 οὐκέτι,
544 1872 644 1930 mente
659 1870 832 1946 supplentes
845 1863 921 1929 ἴςτω
936 1862 994 1945 ὅτι,
1012 1888 1103 1945 quem
1117 1870 1268 1930 licentiam

92 1979 164 2021 sane
183 1960 290 2035 poetae
308 1959 512 2035 concederem,
534 1960 593 2020 nisi
610 1960 713 2036 inepta
731 1959 899 2036 tautologia
921 1958 1034 2018 dictum
1051 1958 1218 2019 videretur:
1244 1961 1271 2020 si

92 2069 264 2110 summum
284 2049 405 2110 virtutis
424 2049 614 2126 fastigium
632 2048 748 2126 tetigit,
771 2049 917 2124 longius
941 2046 1138 2124 procedere
1162 2049 1269 2108 einen

91 2140 170 2199 licet.
207 2138 303 2209 Quam
326 2138 536 2216 cogitationem
565 2139 782 2198 Mommsenum
808 2137 937 2198 movisse
965 2137 1111 2213 suspicor,
1140 2140 1174 2197 ut
1201 2141 1270 2214 post

93 2227 203 2307 μορφᾷ
222 2228 410 2305 distinguens
429 2228 572 2306 epodosin
587 2228 678 2287 faciat
696 2221 902 2303 ἀνορέαις-
918 2222 1019 2303 ἐπέβα
1038 2226 1113 2287 παῖς
1131 2222 1193 2286 κτὲ.
1222 2228 1270 2287 Ita

91 2337 164 2378 vera
189 2318 324 2378 nascitur
347 2317 442 2377 cretio
465 2318 515 2380 vix
537 2336 656 2394 φιτρους
682 2336 774 2393 quere
797 2317 896 2377 nescio
919 2335 957 2376 an
981 2336 1017 2377 ex
1035 2316 1208 2376 oblitterato
1228 2317 1270 2393 di-

91 2427 212 2485 gamma
233 2409 316 2467 locus
340 2407 411 2467 olim
430 2407 536 2468 vitium
556 2407 738 2467 contraxerit
756 2406 1002 2482 scribendumque
1020 2407 1074 2467 sit:
1101 2401 1128 2466 εἰ
1152 2399 1186 2464 δ’
1204 2401 1269 2466 έὼν

92 2493 189 2557 καλὸς
213 2491 316 2571 ἔρδει
339 2491 538 2557 ῈεῈοικότα
562 2496 700 2573 μορφᾷ,
729 2489 878 2570 ἀνορέαις
900 2491 1001 2570 ἐπέβα
1029 2495 1104 2554 παῖς
1132 2488 1268 2569 Ἀριςτο·

94 2580 229 2661 φάνευς·
254 2581 359 2646 οὐκέτι
382 2581 442 2645 κτὲ.
482 2584 638 2661 Sicplana
657 2586 728 2644 sunt
746 2585 845 2644 omnia
863 2586 894 2642 et
913 2583 1060 2659 expedita.

180 2675 232 2735 Vs.
253 2678 293 2735 32
319 2673 481 2735 παλαιαῑςι
496 2667 531 2734 δ’
544 2670 580 2734 ἐν
595 2667 724 2749 ἀρεταῖς
739 2671 758 2733 Γ
760 2670 880 2734 ΕΓΑΘΕ
894 2669 1023 2747 Πηλεὺς
1038 2665 1128 2748 ἄναξ,
1143 2668 1267 2735 ΥΠΕΡ-

92 2763 194 2826 αλλον
208 2759 324 2840 αἰχμὰν
337 2760 456 2839 ταμών.
479 2765 548 2824 Non
557 2763 595 2822 ad
604 2763 688 2824 Pelei
698 2764 891 2840 senectutem,
900 2765 936 2822 ut
945 2761 1124 2839 quibusdam
1137 2762 1265 2840 videtur,

91 2855 190 2915 verbis
210 2854 393 2914 παλαιαῑςιν
406 2851 443 2914 έν
457 2847 585 2928 ἀρεταῖς
599 2854 706 2930 respici
725 2855 806 2929 puto,
821 2853 873 2911 sed
887 2852 1032 2928 intellego
1052 2851 1087 2910 in
1106 2852 1268 2928 antiquis

91 2943 309 3020 virtutihus,
327 2943 348 3018 i,
358 2962 384 3002 e.
402 2943 434 3000 in
451 2942 488 3002 iis
508 2960 584 3019 quae
598 2943 764 3018 antiquitus
778 2942 930 3017 praeclare
945 2943 1032 3017 gesta
1046 2942 1123 3000 sunt.
1151 2939 1210 3000 Sed
1224 2961 1270 3000 re-

93 3028 392 3111 quindecenum,
408 3028 586 3106 λέλαμπε.
609 3031 737 3108 Respuit
746 3031 836 3118 etiam
846 3026 882 3089 ἐν
891 3030 1140 3105 praepositionem
1151 3027 1268 3102 γέγαθε

91 3125 123 3181 et
140 3124 264 3198 propter
282 3122 383 3181 sedem
401 3121 486 3197 iungi
503 3121 608 3197 nequit
626 3140 693 3181 cum
712 3114 831 3195 ταμών,
850 3119 930 3197 quod
947 3118 1019 3178 fecit
1037 3118 1153 3179 Dissen.
1182 3118 1268 3188 Quod

12 3202 16 3209 ⁴
91 3211 197 3270 deinde
206 3211 318 3288 legitur
327 3205 520 3285 ὑπέραλλον,
529 3229 677 3286 nusquam
687 3210 759 3269 alibi
773 3213 935 3286 repertum,
945 3208 1122 3276 mutandum
1136 3209 1266 3269 fortusse

91 3301 122 3358 in
140 3300 330 3360 notissimum
348 3296 551 3373 ΠΕΡΙαλλον,
571 3303 711 3375 quocum
726 3298 794 3358 aliis
808 3299 911 3358 noster
925 3316 998 3357 usus
1014 3298 1061 3357 est
1075 3297 1165 3374 Pyth.
1179 3298 1222 3356 XI
1238 3302 1267 3374 8,

92 3390 164 3450 licet
181 3389 254 3448 alibi
272 3407 308 3448 ea
326 3407 384 3449 vox
402 3388 617 3449 adverbia'scat
655 3387 733 3457 Quid
751 3388 846 3447 lateat
865 3385 921 3446 sub
941 3386 1105 3463 depravata
1123 3386 1267 3463 Hesychii
1362 3455 1364 3458 ¹

90 3481 193 3557 glossa
211 3473 376 3553 ὑπεράλλα
395 3474 505 3553 πέτηξ·
528 3472 610 3553 ὑπὲρ
628 3473 666 3538 τὸ
685 3473 762 3538 δέον
780 3476 911 3536 nondum
926 3476 1085 3552 quisquam
1098 3477 1266 3553 repperisse

91 3568 219 3630 videtur.

177 3658 229 3717 Vs.
252 3660 293 3717 36
321 3677 376 3733 pro
403 3652 550 3731 ἐγκονητί
578 3657 696 3716 omnino
724 3657 884 3734 legendum
912 3649 1063 3729 ἐγκονιτί,
1090 3674 1160 3715 non
1189 3655 1266 3715 sine

87 3749 252 3824 pulvere,
278 3749 313 3806 ut
336 3749 383 3806 est
406 3740 541 3821 ἀκονιτί,
569 3746 647 3806 sine
670 3747 829 3823 pulvere.
869 3746 1000 3805 Tandem
1026 3745 1143 3805 monuit
1166 3744 1266 3821 Bergk

88 3839 132 3897 ed.
148 3837 238 3914 IVta,
257 3836 309 3896 sed
327 3837 359 3894 in
372 3837 489 3896 textum
504 3836 702 3896 certissimam
716 3836 953 3895 emendationem
966 3835 1098 3909 recipere
1112 3833 1265 3895 debuerat.

177 3923 228 3984 Vs.
247 3927 290 3984 47
310 3921 439 3999 εώματα
464 3921 499 3984 δὲ
518 3921 606 3999 παρὰ
626 3919 781 4000 Κρονίδαν
802 3920 983 3998 Κένταυρον
1007 3917 1266 3996 ἀεθμαίνοντα

87 4010 222 4090 κόμιζεν.
259 4015 303 4072 Eo
327 4014 379 4091 qui
400 4014 449 4073 hic
471 4014 634 4091 requiritur
656 4033 746 4074 seusu
770 4014 916 4073 usitatum
940 4015 986 4072 est
1014 4006 1265 4088 ἀςπαίροντα,

88 4105 141 4165 sed
154 4103 220 4164 fieri
232 4104 333 4180 potest
348 4107 382 4164 ut
395 4105 476 4164 recte
491 4104 653 4164 scholiasta
668 4104 821 4179 scripserit
839 4096 1056 4176 ἀςθμαίνων
1074 4096 1266 4178 ἐκόμιζεν,

89 4195 160 4254 licet
178 4194 268 4254 aliter
285 4193 398 4253 iudicet
415 4192 575 4270 Bergkius.

175 4282 228 4342 Vs.
249 4286 361 4360 61sqq.
385 4286 466 4343 recte
490 4281 623 4343 Boeckh:
656 4276 715 4341 ‘Ut
742 4300 847 4341 manus
876 4301 943 4341 cum
970 4280 1168 4356 Aethiopibus
1197 4289 1264 4338 con-

90 4391 192 4433 serens
212 4390 278 4432 cam
297 4373 395 4434 animo
413 4372 554 4450 infigeret
572 4361 751 4433 sententiam
769 4390 807 4432 ne
820 4371 960 4432 Memnon
977 4362 1104 4432 rediret?
1106 4415 1113 4429 .
1142 4367 1175 4428 Si
1193 4369 1265 4446 quid

86 4463 119 4523 in
133 4461 248 4525 tradita
262 4463 393 4523 lectione
406 4462 509 4525 vitiosi
523 4465 578 4541 cst,
596 4462 676 4540 quod
690 4480 750 4525 non
763 4461 930 4539 praefracte
944 4459 1125 4539 negaverim,
1140 4459 1170 4519 id
1185 4461 1265 4519 certe
