2864 4958
642 260 798 320 Pindarico.
1064 248 1068 253 ’
1263 267 1303 333 21

137 433 293 491 lucramur.
323 432 437 491 Melius
456 431 599 509 Hartung
616 430 751 492 πολλοῖς
769 427 869 507 ςοφὸς
889 433 977 494 δοκεῖ
995 429 1217 509 παραφρόνων
1238 431 1306 514 βίον

112 514 322 596 ’κορυςςέμεν
351 515 570 596 ὀρθοβούλοιςι
599 521 768 597 μαχαναῖς,
800 523 832 580 in
859 541 918 598 qua
945 520 1094 599 scriptura
1120 524 1176 585 hoe
1203 527 1306 587 tamen

130 610 267 689 offendit,
291 611 371 686 quod
394 610 463 670 inde
482 614 658 686 sequeretur
676 614 793 687 partem
812 612 974 671 stultorum
993 613 1103 672 rectius
1127 614 1250 690 sentire,
1275 614 1306 674 id

129 700 209 776 quod
231 702 321 775 poeta
340 698 436 758 dicere
455 699 503 759 vix
526 700 633 775 potuit.
669 699 838 760 Novissime
862 701 989 778 denique
1007 702 1126 779 Mezger
1150 704 1306 780 proposuit

128 786 226 864 πέρα
250 787 419 864 φρονῶν,
443 787 623 848 contendens
643 790 819 850 scholiastes
843 790 1037 867 interpretari
1054 792 1305 868 praepositionem

128 874 227 953 περί,
255 896 314 936 non
341 871 449 953 πεδά,
477 897 531 938 nec
558 879 668 955 legisse
696 873 860 954 ἀφρόνων.
897 880 932 938 ln
956 881 1039 939 cuius
1063 881 1107 939 rei
1129 881 1219 941 fidem
1246 883 1304 941 duo

128 969 216 1028 affert
234 967 360 1041 scholia,
380 986 507 1043 quorum
525 967 608 1043 prius
627 969 682 1027 hoc
702 972 760 1028 est:
789 963 819 1028 εί
841 985 888 1028 τις
912 963 989 1029 ἄνευ
1011 964 1114 1030 πόνου
1134 964 1257 1043 ἀγαθάν
1276 989 1305 1031 τι

128 1073 173 1117 πε
179 1071 198 1131 ρ
204 1053 419 1131 ιεκτήςατο,
434 1056 552 1116 τοῦτον
567 1052 598 1116 οἱ
612 1050 704 1117 ἄλλοι
720 1052 885 1135 [πολλοὶῖ]
901 1057 967 1118 τῶν
981 1052 1163 1133 ἀνθρώπων
1178 1060 1305 1121 bonoim

128 1143 231 1221 ςοφὸν
250 1140 345 1220 εἶναι,
368 1141 420 1204 καὶ
442 1145 539 1206 τοῦτο
559 1141 594 1204 ἐκ
617 1146 672 1220 τῆς
692 1142 806 1221 ςοφίας
825 1147 914 1207 δοκεῖ
936 1144 1023 1208 οὕτω
1047 1150 1303 1225 περιπεποιῆ-

128 1238 223 1296 ςθαι.
259 1235 302 1294 At
320 1233 520 1309 περικτᾶςθαι
540 1235 728 1310 sequioribus
747 1235 823 1295 nihil
841 1235 923 1296 aliud
944 1239 991 1296 est
1008 1256 1098 1312 quarn
1117 1236 1253 1313 κτᾶςθαι,
1274 1244 1304 1299 et

129 1325 261 1384 omnium
275 1343 333 1384 usu
346 1324 451 1383 tritum
469 1326 514 1383 est
528 1325 757 1399 περιποιεῐςθαι
771 1345 826 1401 pro
839 1325 976 1399 κτᾶςθαι,
995 1330 1030 1385 ut
1043 1330 1158 1387 taceam
1173 1327 1304 1388 omnium

127 1415 280 1474 hominurn
300 1413 526 1473 stolidissimum
544 1414 623 1472 hunc
642 1414 834 1473 scholiastam
852 1414 954 1491 fuisse,
974 1415 999 1473 si
1019 1416 1069 1474 sic
1087 1415 1302 1492 interpretetus

127 1504 167 1563 sit
184 1499 283 1579 cepi,
306 1503 416 1562 lectum
430 1523 484 1578 pro
503 1497 594 1564 πεδά.
622 1502 762 1562 Alterum
777 1507 877 1562 autem
896 1503 1042 1562 scholium
1056 1504 1112 1563 hoc
1126 1509 1184 1564 est:
1203 1505 1305 1566 ταῦτα

127 1587 160 1653 δ’
178 1588 235 1652 οὐκ
255 1587 337 1651 έςτιν
357 1588 393 1651 ἐν
411 1585 593 1667 ἀνθρώποις
612 1588 650 1652 τὸ
670 1589 710 1652 ἐκ
732 1588 930 1667 περινοίας
948 1590 1128 1669 κτήςαςθαι,
1152 1614 1210 1670 quo
1229 1595 1304 1653 nihil

125 1682 235 1742 dicitur
255 1681 334 1757 quod
353 1698 414 1740 non
436 1681 578 1740 facillime
602 1700 618 1739 e
641 1680 755 1741 tradita
776 1681 904 1742 lectione
928 1681 1006 1741 effici
1023 1684 1152 1759 poterat.
1178 1682 1303 1743 Scholiis

127 1772 229 1848 igitur·
241 1790 299 1830 non
319 1770 512 1828 confirmetur
530 1770 661 1847 Mengeri
680 1771 856 1847 coniectura,
875 1771 923 1830 cui
936 1771 992 1830 hoc
1006 1772 1116 1848 obstat,
1135 1772 1214 1848 quod
1229 1773 1305 1832 eius·
1323 1781 1326 1789 “

126 1861 205 1919 modi
219 1859 354 1919 homines
363 1860 455 1936 vulgo
465 1878 525 1917 non
534 1859 674 1919 videntur
684 1857 767 1934 πέρα
781 1860 918 1934 φρονεῖν
927 1860 946 1918 i.
957 1880 981 1920 e.
996 1859 1145 1919 nimium
1160 1880 1303 1940 sapere,

127 1951 179 2009 sed
198 1950 349 2010 multum
368 1966 507 2025 sapere.
533 1949 599 2025 Ego
615 1949 745 2024 cogitari
760 1949 796 2007 de
810 1949 979 2025 reponendo
999 1947 1126 2024 ςοφῶς
1142 1981 1180 1990 -
1198 1967 1303 2025 περι-

126 2037 298 2114 φρονῶν,
332 2038 521 2114 sapienter
554 2038 801 2114 considerans,
834 2041 887 2098 eut
915 2034 1034 2113 ςοφὸς
1066 2069 1103 2080 --
1130 2035 1302 2115 περιςςό-

126 2143 247 2203 φροιν,
271 2128 420 2204 egregie
440 2127 604 2205 sapiens,
623 2126 676 2187 sed
694 2127 768 2186 nihil
787 2127 937 2186 affirmare
956 2128 1060 2188 ausim.
1305 2153 1308 2157 ⁴

214 2217 266 2277 Vs.
288 2218 328 2276 78
352 2213 475 2296 μέτρῳ
498 2211 717 2292 κατάβαινε.
754 2217 873 2294 Merger
893 2211 984 2294 ‘gehe
1003 2216 1035 2275 in
1053 2217 1108 2278 den
1130 2216 1302 2277 Schranhen

126 2308 176 2366 des
197 2307 311 2365 Messes
331 2307 434 2365 einher
452 2331 494 2353 =
514 2307 587 2366 hdte
606 2307 674 2366 dich
693 2327 747 2367 vor
761 2299 1022 2383 Uebertreibung'.
1051 2305 1110 2366 Ubi
1124 2325 1194 2366 vero
1209 2323 1302 2367 κατα·
1348 2384 1351 2389 ἢ

127 2392 247 2472 βαίνειν
266 2400 313 2455 est
330 2394 520 2455 incedere?
547 2395 665 2473 Lingua
684 2399 764 2455 certe
781 2396 932 2472 permittit
946 2393 1068 2470 Berghii
1083 2395 1302 2471 interpretatio-

125 2505 193 2544 nem
212 2484 250 2543 de
273 2483 521 2545 descendendo
545 2485 580 2542 in
604 2488 785 2544 certamen
808 2485 882 2543 haec
900 2484 993 2543 verba
1011 2484 1225 2560 intellegentis.
1261 2485 1304 2544 At

124 2574 174 2633 vix
196 2577 285 2650 poeta
308 2573 467 2648 victorem,
490 2593 579 2649 quem
604 2573 786 2647 celebrabat,
814 2592 833 2631 a
859 2573 950 2632 nimio
979 2573 1176 2632 certaminum
1204 2574 1302 2634 studio

125 2663 277 2722 dehortari
300 2665 429 2739 poterat
471 2662 576 2727 Potius
599 2682 681 2723 more
704 2677 758 2722 suo
777 2663 814 2722 ad
834 2661 1010 2721 modestiam
1029 2663 1166 2721 iuvenem
1189 2663 1304 2738 hortari
1340 2738 1345 2742 ἡ

124 2754 305 2828 expectatur,
319 2753 421 2828 itaque
431 2753 606 2812 delitescere
620 2753 667 2811 hic
682 2752 795 2828 aliquid
809 2752 936 2826 videtur,
950 2751 1030 2828 quod
1043 2750 1224 2828 respondeat
1239 2771 1303 2812 sen-

126 2842 248 2916 tentiae,
263 2861 350 2916 quarn
366 2842 521 2918 Mazgerus
535 2842 599 2902 loco
615 2842 737 2901 subesse
751 2844 853 2918 putat3
867 2861 895 2901 ν.
905 2861 929 2902 c.
946 2838 1050 2920 μέτρῳ
1065 2837 1161 2902 καλὰ
1179 2835 1302 2901 πάντ’·

126 2928 161 2989 έν
187 2925 349 3004 Μεγάροις
374 2923 407 2988 δ’
430 2925 513 3003 ἔχεις
531 2927 628 3004 γέρας
647 2927 708 2989 κτὲ.

214 3018 264 3078 Vs.
287 3022 326 3078 76
351 3014 473 3094 δαίμων
496 3015 531 3078 δὲ
555 3013 699 3094 παρίςχει
725 3012 860 3078 ἄλλοτ’
883 3012 1002 3077 ἄλλον
1030 3013 1148 3092 ὕπερθε
1175 3012 1302 3093 βάλλων

125 3103 244 3167 ἄλλον
270 3103 303 3167 δ’
326 3104 390 3168 ὑπὸ
419 3107 544 3183 χειρῶν.
582 3107 658 3178 Quia
680 3102 794 3169 ἄλλοτ’
817 3102 919 3168 ἄλλον
942 3108 1002 3166 iam
1026 3107 1176 3184 significat
1201 3109 1302 3167 modo

124 3199 217 3258 hunc
246 3197 346 3257 modo
374 3197 491 3272 illum,
520 3197 680 3258 manifesto
702 3199 784 3258 locus
807 3216 868 3256 non
892 3201 938 3257 est
960 3216 1037 3258 novo
1062 3190 1182 3256 ἄλλον
1205 3196 1237 3256 in
1255 3216 1302 3256 se·
1354 3188 1358 3192 ’

124 3287 293 3363 quentibus.
332 3287 397 3357 Quo
416 3287 576 3360 intellectu,
597 3287 719 3363 Madvig
737 3304 843 3362 parurn
862 3287 990 3345 feliciter
1008 3287 1040 3344 in
1063 3286 1301 3346 Adversariis

125 3375 278 3436 Criticis
298 3370 416 3435 ἄλλος
434 3369 467 3434 δ’
485 3375 610 3434 rescribi
627 3375 730 3451 iussit;
753 3375 901 3451 Bergkius
924 3378 1026 3435 autem
1045 3374 1253 3439 difficultatem
1271 3375 1303 3433 in
1377 3435 1385 3445 ,

125 3465 253 3542 repetito
273 3458 374 3525 ἄλλον
393 3483 546 3525 removere
561 3464 676 3524 studuit
695 3464 903 3524 substituendo
922 3484 977 3540 pro
996 3458 1060 3524 ὑπὸ
1080 3462 1196 3538 χειρῶν
1211 3464 1302 3523 verbo
1408 3534 1411 3539 μ

125 3554 246 3628 Graecis
271 3555 421 3632 incognito
445 3549 671 3629 ὑποχειρῶν.
708 3553 783 3613 Mihi
806 3553 1015 3629 corrigendum
1037 3553 1156 3614 videtur
1181 3545 1301 3612 ἄλλον

124 3637 157 3702 θ’
180 3639 243 3703 ὑπὸ
265 3644 388 3719 χειρῶν.
424 3645 530 3703 Verte:
556 3645 657 3703 modo
681 3644 773 3703 hunc
796 3643 896 3702 modo
920 3644 1024 3702 illum
1052 3641 1116 3702 alii
1145 3662 1301 3718 superne

125 3733 280 3793 iniciens
301 3739 363 3793 aut
375 3733 546 3815 *manibus
566 3723 660 3814 (eius)
681 3732 872 3792 subiciens.
899 3732 1047 3793 Pindarus
1062 3732 1118 3807 hic,
1133 3734 1168 3790 ut
1182 3731 1301 3806 saepius

125 3827 230 3896 poetae
259 3822 376 3900 Graeci,
405 3823 556 3883 notionem
584 3824 623 3882 ad
651 3825 812 3898 utrumque
837 3822 1005 3883 membrum
1036 3821 1236 3898 pertinentem
1270 3818 1301 3878 in

124 3911 220 3971 altero
244 3913 362 3971 tantum
385 3912 495 3988 posuit.
532 3912 580 3970 Ad
602 3911 782 3973 (lenaticum
804 3914 873 3988 post
900 3906 963 3971 ὑπό
986 3911 1157 3972 conferatur
1179 3909 1301 3970 Hesiod.

125 4000 237 4078 Theog.
258 4004 320 4060 717
340 3997 416 4060 τοὺς
435 3996 492 4074 μὲν
511 3994 583 4061 ὑπὸ
603 3995 744 4075 χθονὸς
765 3995 989 4075 εὐρυοδείης
1007 3996 1171 4075 πέμψαν.

213 4091 265 4150 Vs.
282 4092 322 4150 92
343 4086 379 4149 ἐν
398 4084 426 4149 δ’
445 4084 544 4168 ὀλίγῳ
566 4089 690 4165 βροτῶν
708 4085 746 4148 τὸ
765 4086 905 4164 τερπνὸν
925 4084 1065 4151 αὔξεται·
1089 4085 1175 4148 οὕτω
1195 4083 1231 4147 δὲ
1250 4085 1300 4146 καὶ

126 4182 229 4241 πιτνεῑ
244 4174 348 4255 χαμαί,
369 4173 580 4258 ἀποτρόπῳ
594 4174 724 4257 γνώμᾳ
740 4176 942 4254 ςεςειςμένον.
972 4179 1080 4239 Procul
1095 4178 1186 4236 dubio
1200 4176 1300 4238 verius

124 4271 245 4331 Boeckh
255 4270 365 4345 aliique
375 4263 564 4343 ἀπότροπον
574 4263 715 4342 γνώμαν,
730 4287 896 4329 aversum
911 4267 1227 4340 animum‚tribuunt
1237 4265 1300 4326 Deo

125 4362 178 4418 aut
196 4359 355 4436 Fortunae,
374 4378 465 4436 quam
484 4359 602 4434 Moager
620 4358 686 4434 ipso
704 4358 823 4436 gaudio,
843 4359 1083 4435 quandoquidem
1103 4352 1298 4430 ςεςειςμένον

124 4448 282 4529 manifesto
310 4448 372 4510 vim
404 4451 520 4525 spectat
553 4447 684 4525 aliquam
712 4453 873 4525 externam.
916 4446 1116 4523 Comparantur
1148 4445 1226 4507 enim
1261 4441 1299 4505 τὸ
