2864 4958
161 231 184 294 4
593 231 628 287 Η.
646 248 701 287 van
719 231 902 286 Herwerden:

252 399 319 459 Non
343 399 569 476 grammaticam
588 400 704 474 spectat
727 400 778 458 sed
801 343 1023 475 antiquithtem
1048 399 1126 474 quod
1145 399 1338 459 observatum

162 489 252 549 velim
272 489 310 548 ad
329 487 375 548 01.
395 488 448 548 13
469 483 532 547 ἔετι
556 481 584 545 δ)
602 482 693 562 ἀνδρὶ
713 482 820 562 φάμεν
838 484 943 547 ἐοικὸε
962 482 1042 561 ἀμφὶ
1061 481 1222 560 δαιμόνων
1246 483 1336 547 καλά.

165 579 281 653 Nempe
295 578 382 638 valde
401 581 447 637 est
465 577 666 650 memorabile,
685 571 813 636 Pindaro
833 577 966 636 fabulam
981 595 1071 653 quam
1085 576 1122 635 de
1136 576 1244 652 Pelope
1258 596 1339 637 acoe-

160 672 248 743 perat
270 667 313 726 ita
335 667 506 726 immutanti
534 670 569 725 ut
589 666 665 724 nihil
693 666 789 725 dicere
816 667 891 724 velit
914 665 993 742 quod
1020 665 1076 724 diis
1103 666 1259 742 indignum
1288 668 1339 741 sit,

162 774 277 816 summo
299 756 415 815 numini
438 774 497 814 non
519 755 676 831 indignum
703 755 799 813 videri
823 774 954 813 amorem
981 755 1159 827 masculum,
1191 755 1337 831 siquidem

161 846 335 921 Neptunum
346 841 485 918 δαμέντα
501 841 622 919 φρέναε
637 839 734 921 ἱμέρῳ
749 845 885 919 rapuisse
896 844 1035 919 Pelopem
1049 837 1148 902 τωῦτ’
1164 840 1216 902 ἐπὶ
1234 842 1338 919 χρέοτ,

161 953 220 1010 quo
238 937 345 1010 postea
362 933 464 993 Iovem
484 931 697 1009 Ganymedem,
715 952 837 992 narrare
852 952 910 991 non
926 932 1081 992 erubescit.
1115 932 1145 990 Si
1164 933 1259 1008 igitur
1275 934 1336 992 iam

159 1024 282 1082 ineunte
303 1024 402 1082 seculo
417 1022 520 1098 quinto
535 1041 561 1081 a.
577 1020 608 1080 Ο.
623 1025 728 1096 poetae
747 1022 860 1097 pietate
878 1022 989 1097 insigni
1007 1021 1086 1080 inter
1105 1023 1245 1097 aequales
1264 1022 1338 1082 haec

160 1111 219 1171 fuit
237 1113 273 1171 de
293 1112 467 1189 turpissimo
486 1129 587 1170 amoro
606 1111 767 1186 sententia,
793 1110 863 1187 quid
886 1113 999 1170 ceteros
1020 1110 1150 1170 Graecos
1169 1114 1200 1169 ot
1217 1114 1288 1169 tuno
1308 1115 1339 1170 et

160 1202 266 1278 postea
280 1201 409 1260 sensisse
425 1198 651 1259 existimamus?
677 1200 928 1275 Antiquissimum
938 1199 1028 1258 simul
1041 1202 1113 1258 nota
1127 1199 1338 1259 euhemerismi

160 1290 329 1367 exemplum
346 1309 390 1349 vs.
407 1291 519 1365 46sqq.

250 1377 753 1454 Coniecturampe'riolitaborva48
761 1397 833 1454 sqq,
844 1379 896 1438 ubi
907 1379 948 1438 sic
956 1378 1097 1438 editurex
1107 1377 1227 1453 optimis
1236 1378 1338 1439 libris:

320 1498 435 1562 ἔννεπε
459 1503 565 1581 κρυφᾷ
588 1519 634 1562 nc
658 1497 769 1562 αὐτίκα
792 1502 964 1577 φθονερῶν
987 1497 1156 1576 γειτόνων,

320 1588 439 1651 ὕδατοτ
462 1586 511 1651 ὅτι
535 1608 568 1651 τε
592 1588 667 1666 πυρὶ
690 1589 815 1652 Ζέοιεαν
839 1585 922 1666 ἀμφ’
945 1587 1047 1666 ἀκμὰν

320 1676 457 1759 μαχαίρᾳ
480 1675 579 1754 τάμεν
601 1677 682 1740 κατὰ
705 1678 797 1755 μέλη,

319 1764 501 1844 τραπέζαιεί
524 1763 556 1828 τ’
579 1764 659 1844 ἀμφὶ
683 1766 850 1829 δεύτατα
872 1770 976 1844 κρεῶν

319 1856 410 1919 εέθεν
433 1853 661 1919 διεδάταντο
684 1857 736 1918 καὶ
761 1854 877 1934 φάγον.

161 2001 228 2060 Non
246 2001 344 2076 magis
364 1996 502 2060 δεύτατα
517 2002 657 2077 explicari
675 2019 762 2076 posse
781 1997 819 2059 τὸ
838 2000 1025 2061 τελευταῖον
1043 2021 1133 2078 quam
1152 2004 1188 2061 de
1204 2006 1338 2064 extrema

159 2090 291 2166 corporis
309 2093 396 2166 parte
415 2090 552 2166 intellegi
571 2091 644 2150 satis
664 2109 812 2166 superque
831 2090 1048 2151 demonstravit
1065 2095 1134 2166 post
1151 2092 1337 2151 Boeolrhium

158 2178 280 2256 Dissen,
304 2199 432 2255 quorum
455 2179 640 2255 argumentis
664 2179 735 2238 addi
757 2180 853 2254 possit
875 2198 998 2254 prorsus
1021 2171 1155 2255 ineptum
1179 2200 1244 2241 esse
1268 2182 1296 2240 h.
1317 2183 1337 2243 l.

160 2259 265 2349 (quem
276 2271 399 2327 sumunt
414 2268 435 2326 ii
450 2269 501 2343 qui
515 2268 591 2327 illud
606 2261 759 2349 statuunt)
774 2271 947 2344 genetivum
960 2270 1145 2345 partitivum.
1169 2271 1212 2328 De
1226 2272 1337 2330 mensis

159 2359 260 2416 autem
287 2356 424 2416 secundis
449 2356 576 2433 cogitari
599 2375 658 2416 non
680 2376 768 2434 posse
791 2361 1002 2434 praeterquam
1026 2377 1062 2417 ex
1086 2360 1269 2434 superlativo
1288 2362 1337 2420 vel

157 2445 226 2504 iude
250 2444 359 2523 liquet,
387 2445 466 2521 quod
489 2447 596 2505 harum
621 2450 691 2506 sunt
714 2447 853 2522 bellaria,
877 2466 938 2506 non
960 2467 1076 2522 carnes,
1100 2450 1136 2505 ut
1159 2448 1337 2508 concedatur

157 2538 264 2611 poetae
279 2535 524 2597 anachronismus
538 2536 680 2595 heroibus
696 2535 847 2595 tribuendi
861 2533 1015 2610 δευτέραν
1029 2532 1198 2612 τράπεζαν.
1222 2538 1337 2598 Nihilo-

157 2623 256 2683 minus
275 2624 380 2685 dubito
398 2643 470 2682 num
489 2644 554 2684 oum
574 2625 725 2684 Boechhio
750 2626 877 2700 aliisque
899 2625 1021 2701 probari
1038 2626 1134 2700 possit
1152 2627 1336 2685 deteriorum

156 2713 301 2773 librorum
316 2713 405 2772 lectio
421 2709 574 2790 δεύματα,
590 2732 666 2790 quae
681 2713 877 2773 Alexandrini
891 2715 1016 2773 alicuius
1030 2715 1200 2774 coniectura
1214 2708 1336 2793 (cogno-

157 2801 201 2861 vit
219 2804 299 2860 certe
318 2801 377 2860 iam
397 2802 473 2861 hano
491 2820 609 2878 quoque
631 2803 789 2862 lectionem
812 2804 903 2863 schol.
922 2803 1084 2880 explicans:
1108 2801 1127 2878 ἢ
1147 2799 1187 2863 τὰ
1206 2798 1331 2878 έεχατα,

157 2887 176 2965 ἢ
200 2885 241 2949 τὰ
265 2889 500 2966 βεβρεγμένα
522 2884 796 2971 vercinescam
819 2895 928 2968 potest
965 2892 1029 2952 Hoc
1052 2893 1132 2952 enim
1154 2895 1333 2952 vocabulum

156 2998 305 3055 nusquam
328 2982 439 3039 lectum
467 2981 547 3039 omni
570 2985 653 3040 caret
676 2982 866 3056 auctoritate,
895 2985 925 3040 et
950 2983 1049 3042 nescio
1073 3000 1112 3041 an
1134 2983 1245 3043 maiore
1270 2984 1335 3041 iuro

157 3069 341 3142 suspicemur
355 3069 530 3129 delitescere
544 3071 592 3129 hic
605 3071 738 3146 glossam
752 3069 974 3147 Hesychianam
993 3066 1061 3130 δάε
1066 3083 1175 3145 ματα·
1195 3067 1332 3145 διαμερί-

161 3171 274 3231 εματα,
293 3157 313 3215 i.
332 3176 356 3218 e.
376 3159 573 3233 portiones.
610 3158 675 3228 Quo
693 3160 848 3237 restituto²
871 3162 961 3236 poeta
978 3163 1051 3219 nota
1073 3160 1239 3236 periphrasi
1261 3160 1336 3218 nihil

160 3246 241 3304 aliud
256 3246 365 3306 dixerit
379 3265 468 3322 quam
486 3244 578 3321 κρέα
597 3242 824 3308 διεδάεαντο
844 3245 895 3308 καὶ
909 3243 1027 3322 φάγον.
1056 3249 1169 3308 Eadem
1187 3250 1336 3308 sententia

157 3334 400 3395 convocantibus
419 3337 551 3397 numeris
574 3337 636 3396 iam
660 3338 865 3414 Hartungium
888 3333 1024 3413 δαιτρὰ
1045 3338 1150 3413 κρεῶν
1173 3338 1332 3398 coniecisse

157 3423 252 3484 video.

245 3512 298 3572 Vs.
318 3516 359 3572 57
380 3514 416 3573 de
435 3514 563 3574 Tantalo
583 3516 692 3575 dicitur
714 3510 814 3594 κόρῳ
838 3508 871 3572 δ’
890 3511 964 3574 έλεν
983 3509 1063 3575 ἄταν
1084 3512 1272 3589 ὑπέροπλον
1290 3511 1330 3576 ἅν

159 3596 189 3660 οἱ
204 3599 308 3676 πατὴρ
323 3597 404 3676 ὕπερ
418 3601 551 3677 κρέμαεε
566 3601 721 3679 καρτερὸν
736 3599 823 3683 αὐτῷ
834 3595 1078 3684 (καρτερονώτῳ
1089 3598 1221 3687 Heoker)
1233 3603 1332 3681 λίθον,

155 3687 214 3750 τὸν
240 3687 301 3750 αἰεὶ
329 3692 552 3764 μενοινῶν
579 3692 776 3769 κεφαλᾶε
806 3692 961 3768 βαλεῖν
985 3689 1184 3769 εὐφροτύναε
1208 3687 1330 3755 ἀλᾶται.

156 3779 335 3839 Plenissime
360 3782 487 3840 concedo
509 3783 635 3859 Ionghio
660 3784 692 3844 in
714 3783 782 3843 adn.
805 3783 843 3842 ad
865 3783 894 3842 h.
912 3783 932 3840 l.
950 3804 979 3860 p.
1000 3786 1061 3845 271
1075 3804 1138 3861 sqq.
1166 3803 1332 3844 sermonem

157 3887 223 3928 esse
242 3870 284 3928 de
307 3870 471 3929 feriendo
500 3872 632 3947 capite,
655 3890 716 3931 non
739 3872 780 3931 de
802 3872 998 3933 amovendo
1020 3874 1142 3949 lapide
1161 3891 1180 3932 a
1198 3874 1331 3949 capite,

157 3949 250 4038 (quod
268 3961 426 4033 praeterea
444 3960 480 4049 de
499 3979 569 4020 saxo
593 3962 684 4038 capiti
701 3961 892 4038 impendente
914 3963 1042 4039 eogitari
1059 3964 1109 4023 vix
1127 3954 1255 4044 potest),
1278 3963 1331 4021 sed

157 4046 270 4106 frustra
284 4047 309 4105 is
326 4048 425 4108 nescio
441 4049 550 4124 quibus
565 4049 697 4112 artificiis
712 4044 813 4131 (quae,
828 4050 854 4109 si
867 4052 944 4111 tanti
958 4056 1012 4126 est,
1025 4054 1111 4129 legas
1125 4052 1205 4128 apud
1217 4047 1330 4127 ipsum)

155 4136 312 4195 ostendere
331 4142 455 4197 conatur
473 4139 549 4198 nihil
567 4158 632 4199 esse
653 4139 841 4199 difficultatis
865 4140 896 4199 in
918 4143 1059 4217 genetivo
1083 4143 1124 4202 sic
1145 4141 1251 4217 posito.
1294 4140 1330 4199 In

155 4225 292 4299 plurimis
317 4226 394 4286 enim
417 4246 492 4302 quos
516 4229 620 4288 attulit
641 4229 713 4289 locis
736 4229 837 4288 nullus
861 4234 909 4289 est
932 4230 982 4307 qui
1004 4232 1176 4307 genetivum
1200 4233 1330 4290 tueatur.

155 4313 362 4375 Necessarium
382 4334 447 4375 esse
466 4320 608 4393 quartum
627 4337 728 4379 casum
747 4337 834 4377 nemo
853 4319 927 4378 mihi
945 4320 1063 4395 eripiet,
1083 4323 1129 4393 et,
1148 4319 1235 4380 modo
1256 4320 1329 4380 satis

155 4402 235 4477 apud
259 4424 306 4463 me
329 4407 481 4465 constaret
505 4406 662 4479 μενοινῶν
688 4425 793 4466 sanum
817 4427 882 4468 esso
906 4410 937 4467 et
961 4407 1142 4484 significare:
1165 4409 1329 4469 sollicita
