2864 4958
648 258 804 345 Pindarica.
1291 261 1312 323 5

136 431 253 491 mente
279 432 480 503 expectare,
505 430 669 487 conicerem
692 431 811 503 poetam
834 429 964 488 dedisse:
989 427 1047 489 τὸν
1072 425 1132 489 αἰεὶ
1153 430 1311 502 μενοινῶν

64 567 65 571 ,
136 514 282 591 κεφαλὰν
313 516 422 591 βαλεῖν
451 514 650 592 εὐφροςόνας
679 511 800 576 ἀλᾶται
843 517 901 576 Sed
924 521 984 578 non
1007 519 1136 578 diffiteor
1160 518 1310 592 μενοινᾶν

138 610 279 682 sequente
293 607 441 666 infinitivo
456 625 588 682 semper
589 607 701 665 habere
716 606 904 666 desiderandi
918 608 966 667 vel
981 609 1105 668 conandi
1121 608 1311 684 significatio-

39 752 47 764 ,
134 688 242 774 nem(c
244 696 282 754 f.
227 713 338 771 crpse
353 699 423 770 poet
425 695 560 772 aPyth
554 696 569 753 I
584 699 635 770 43,
653 695 738 754 Νοιιι.
750 696 793 753 XI
804 687 870 774 45),
884 697 928 755 ita
941 699 976 754 ut
990 716 1050 756 una
1064 716 1130 756 uum
1144 697 1203 756 alio
1217 698 1310 756 verbo

133 803 297 860 pronomen
311 785 485 843 reflexivum
500 786 556 843 sub
571 783 729 857 μενοινῶν
744 785 918 844 delitescere
931 785 1116 845 crediderim.
1136 785 1237 845 Possis
1247 806 1274 846 ν
1285 793 1311 847 ο.

134 870 191 932 τὸν
207 868 267 932 αἰεί
287 867 317 933 f'
336 868 429 932 όῖων
448 869 595 948 κεφαλὰν
616 873 725 948 βαλεῖν
745 869 945 948 εὐφροςύνας
960 869 1082 934 ἀλᾶται.
1112 873 1170 933 Sed
1183 875 1309 934 verbum

35 961 41 972 ‘
135 963 324 1022 Homericum
344 957 402 1020 ὀῖω
422 982 514 1038 quum
533 964 605 1022 alibi
624 982 643 1021 a
661 962 790 1022 Pindaro
809 982 868 1021 non
887 967 1077 1039 usurpetur,
1082 961 1246 1039 ἐφεκτέον.

222 1044 374 1111 Aeolicam
399 1051 534 1109 litteram
558 1052 717 1111 dialectum
740 1052 913 1112 Boeoticam
938 1051 988 1112 diu
1012 1054 1172 1112 retinuisse
1197 1056 1309 1119 testan·

133 1144 183 1201 tur
200 1141 292 1200 tituli.
320 1139 416 1209 Quam
431 1143 531 1198 autem
549 1141 624 1200 levis
644 1141 736 1199 fuerit
754 1141 818 1199 cius
838 1160 927 1199 sonus
946 1142 1006 1200 iam
1026 1143 1126 1201 aetate
1143 1143 1308 1216 Pindarica,
1373 1133 1375 1137 ’

133 1230 240 1288 docent
258 1231 334 1289 duae
352 1230 528 1303 praesertim
550 1250 610 1305 res,
634 1249 761 1306 quarum
784 1231 882 1289 altera
904 1231 1035 1289 nondum
1059 1231 1219 1291 observata
1243 1250 1308 1291 esse

132 1319 265 1395 videtur,
291 1336 402 1393 nempe.
420 1337 568 1393 nusquam
591 1323 711 1394 poetam
734 1337 770 1376 ea
793 1319 897 1378 littera
919 1328 1008 1379 usum
1026 1321 1135 1394 videri,
1160 1323 1194 1379 ut
1216 1321 1308 1380 faciat

132 1408 323 1483 positionem,
353 1407 499 1482 siquidem
524 1407 639 1467 incerta
661 1412 707 1467 est
730 1407 819 1468 lectio
842 1403 948 1468 Isthm.
973 1409 1017 1466 VI
1041 1401 1098 1490 (V)
1123 1411 1164 1467 42
1190 1403 1307 1469 αιῖδαςε

132 1497 280 1556 τοιοῦτον
300 1493 404 1568 λέπος,
424 1497 475 1555 ubi
494 1497 577 1557 codd.
596 1499 715 1558 variant
732 1497 763 1554 in
782 1491 931 1556 τοιοῦτόν
949 1515 979 1556 τι
998 1492 1089 1572 ἔπος,
1108 1497 1257 1558 τοιοῦτον
1276 1492 1308 1557 τ’
1400 1491 1401 1494 ’

132 1580 223 1659 ἔπος,
243 1586 306 1645 ποῦ
325 1579 382 1643 τόν
401 1579 433 1643 τ’
452 1579 541 1659 ἔπος,
567 1590 597 1645 et
616 1588 653 1645 ab
673 1586 739 1646 eliis
758 1587 847 1645 ahter.
864 1587 1008 1646 hiciocus
1028 1587 1197 1662 corrigitur.
1234 1587 1306 1647 Plus

61 1670 64 1678 “
131 1675 274 1734 momenti
292 1674 370 1732 foret
388 1674 419 1731 in
438 1674 523 1732 Nem.
542 1675 586 1732 IV
607 1678 648 1734 64
667 1692 702 1735 τε
721 1670 916 1735 δεινοτάτων
936 1670 1062 1750 ςχάςαις
1081 1671 1235 1750 ὀδόντων,
1254 1676 1307 1736 ubi

130 1782 165 1824 τε
189 1767 258 1822 ante
281 1757 404 1823 ofervdc
423 1763 609 1837 producitur,
633 1763 691 1823 nisi
713 1765 756 1823 ibi
781 1767 921 1840 suspecta
944 1768 1024 1823 esset
1041 1766 1147 1824 vocula
1170 1722 1307 1825 eneIitica

130 1872 250 1913 versum
277 1852 407 1925 ordiens,
438 1853 468 1909 et
486 1852 567 1910 facili
591 1853 760 1912 coniectura
777 1853 927 1929 Bergkius
946 1854 1131 1956 reposuisset
1149 1847 1270 1926 ἀκμάντ
1276 1845 1304 1936 ’λ

130 1940 149 2019 ἦ
170 1935 364 2001 δεινοτάτων
383 1935 509 2014 ςχάςαις
529 1936 675 2002 ὀδόντων
694 1936 767 2023 (non
782 1945 864 2002 certa
877 1946 992 2020 tamem
1011 1939 1030 2018 ἦ
1050 1944 1129 2002 enim
1143 1946 1213 2002 ante
1227 1944 1306 2018 posi-

129 2033 208 2090 tivos
226 2049 286 2089 non
300 2033 369 2088 ante
385 2031 584 2105 superlativos
598 2031 703 2091 inferri
724 2033 801 2091 solet
802 2033 907 2107 q,uod
922 2024 1038 2112 sciam).
1063 2032 1202 2090 Alterum
1204 2033 1306 2108 ,quod

129 2120 280 2195 volebam,
304 2120 359 2179 hoc
383 2119 496 2195 est,1n
519 2120 621 2195 paucis
646 2122 763 2179 tantum
786 2120 939 2180 vocabulis
968 2120 1048 2196 apud
1076 2121 1238 2179 Pindarum
1261 2122 1305 2180 di·

129 2227 250 2286 gamma
269 2210 441 2268 constanter
459 2227 616 2284 apparere,
640 2210 672 2268 in
695 2211 785 2286 longe
804 2210 954 2285 plerisque
973 2229 1027 2285 pro
1047 2210 1136 2269 libitu
1155 2212 1208 2268 aut
1228 2211 1305 2269 sumi
1326 2216 1340 2244 ⁴

130 2302 183 2359 aut
201 2298 287 2357 abici
316 2298 477 2373 Digamma
490 2298 583 2357 habet
602 2292 693 2360 άναξ
713 2299 801 2374 Pyth.
815 2298 859 2356 IV
876 2300 926 2358 89.
945 2299 988 2356 IX
1002 2300 1054 2357 44.
1073 2299 1116 2356 ΧΙ
1133 2301 1182 2357 62.
1201 2299 1260 2357 XII
1275 2301 1304 2360 3.

76 2430 78 2434 ⁴
129 2379 321 2469 (Iavdccurv)
342 2386 388 2445 Ol.
407 2386 481 2444 XIII
497 2389 547 2461 24,
566 2388 737 2463 neglegitur
757 2386 801 2446 Ol.
816 2388 843 2444 X
857 2391 909 2448 49.
942 2388 1027 2446 Nem.
1041 2387 1086 2445 IV
1100 2390 1151 2446 42.
1170 2387 1248 2446 VIII
1263 2391 1303 2447 10

129 2467 301 2554 (ἀναξίαις)
321 2476 348 2532 Χ
369 2479 420 2550 77,
439 2476 477 2533 al.
499 2507 536 2516 -
558 2471 765 2535 fuvodvsiv
784 2480 830 2534 est
849 2476 938 2552 Pyth.
952 2476 968 2533 I
984 2479 1034 2536 29.
1057 2476 1102 2533 VI
1118 2478 1168 2535 51.
1197 2476 1303 2536 Isthm.

128 2566 173 2623 III
194 2565 245 2624 33.
268 2563 327 2622 VII
349 2566 403 2637 18,
427 2562 479 2622 sed
504 2557 655 2623 ἁνδάνειν
678 2562 873 2624 0171117.
901 2564 989 2640 Pyth.
1013 2564 1044 2621 II
1065 2568 1115 2624 96.
1138 2597 1182 2605 —
1206 2558 1303 2624 foio'

128 2658 175 2714 cst
193 2653 279 2711 Nem.
297 2653 341 2711 IV
357 2653 408 2726 43,
428 2648 539 2711 Ἑειδώς
559 2651 604 2711 01.
622 2653 654 2710 H
673 2655 723 2726 94,
742 2648 858 2712 ficurrr
877 2653 965 2730 Pyth.
985 2652 1032 2711 ΙΠ
1051 2655 1102 2729 29,
1122 2654 1175 2712 sed
1192 2647 1302 2728 ἴςαμεν

128 2745 213 2802 Nem.
232 2741 292 2800 VII
314 2744 363 2800 14.
388 2773 429 2782 —-
453 2738 663 2820 feroous'rur
682 2741 771 2818 Pyth.
790 2741 834 2800 IV
855 2745 893 2801 21
915 2745 946 2801 et
969 2740 1073 2802 Istoc(
1092 2740 1137 2800 01.
1156 2740 1232 2800 VIII
1253 2745 1302 2815 19,

128 2835 180 2891 sed
200 2826 285 2890 εἶδος
304 2832 393 2905 Pyth.
408 2829 451 2888 lX
467 2833 517 2892 18.
528 2861 569 2871 -
581 2826 695 2890 fibu'rr
714 2834 762 2890 est
780 2829 824 2890 01.
839 2831 881 2889 IX
896 2833 947 2904 62,
966 2830 1087 2891 Ἑιδοῖςα
1106 2829 1151 2890 01.
1165 2830 1238 2888 XIV
1251 2833 1300 2905 16,

127 2917 226 2995 Ὲίδριν
245 2919 291 2979 01.
309 2920 326 2977 Ι
345 2922 417 2994 108,
437 2920 488 2977 sed
506 2913 556 2978 ἴδε
576 2917 620 2977 01.
641 2920 666 2976 X
687 2921 738 2991 36,
758 2913 852 2978 εἶδον
864 2920 934 2980 ibid.
957 2923 1028 2992 100,
1054 2913 1149 2979 ἰδοῖς’
1167 2918 1211 2979 Ol.
1230 2919 1301 2977 XIV

129 3013 183 3082 22,
206 3003 279 3068 ἴδον
302 3008 391 3083 Pyth.
414 3007 461 3066 III
485 3010 540 3080 94,
565 3003 644 3067 ἰδὼν
668 3008 756 3083 Pyth.
778 3007 821 3064 IV
842 3011 918 3081 123,
943 3003 1023 3067 ἰδεῖν
1048 3008 1088 3067 ib.
1112 3010 1188 3081 294,
1213 3002 1301 3067 εἶδον

127 3099 215 3175 rya.
229 3097 271 3156 rx
288 3099 338 3175 aa,
353 3091 404 3175 ιδῃ
419 3097 508 3173 Pyth.
522 3098 550 3155 x
566 3098 615 3170 ne,
636 3093 913 3171 ιιιμενινθωνττ
929 3099 979 3170 25,
995 3092 1300 3158 suasoriarum.

129 3219 165 3230 —
178 3183 334 3254 ,Ρεῖπαις
354 3184 400 3245 01.
419 3185 495 3243 VIII
513 3188 565 3260 46,
584 3186 704 3246 ferneiv
724 3183 769 3246 01.
789 3186 864 3245 XIII
884 3189 934 3263 71,
954 3185 1038 3245 Nem.
1058 3185 1086 3242 V
1108 3187 1157 3259 14,
1182 3181 1300 3245 Ἑειπών

126 3277 212 3336 uem.
229 3276 272 3333 vr
292 3277 344 3351 30,
363 3270 452 3352 εειπῃ
471 3273 577 3333 isam.
590 3275 621 3333 11
637 3277 688 3348 59,
708 3270 825 3335 εειπών
843 3275 949 3335 uum.
964 3274 1007 3333 νι
1022 3275 1073 3348 55,
1092 3271 1191 3347 εερεω
1211 3274 1299 3351 Pyth.

125 3363 169 3423 IV
191 3367 266 3436 142,
285 3360 382 3423 ftaoc
400 3362 488 3438 Pyth.
507 3361 555 3420 III
575 3365 607 3435 2,
628 3361 726 3423 Ἑέπεα
745 3363 830 3422 Nem.
848 3363 908 3420 VH
927 3365 983 3437 48,
1007 3363 1060 3421 sed
1084 3356 1168 3422 εἴποι
1187 3370 1234 3421 est
1253 3361 1299 3423 01.

126 3453 203 3511 VIII
223 3455 273 3526 62,
293 3445 383 3528 εἴπῃς
403 3449 449 3510 01.
465 3450 536 3509 XIV
552 3452 606 3528 22,
627 3444 752 3511 εἰπόντ’
769 3451 872 3510 Isthm.
888 3451 970 3528 146,
989 3451 1174 3526 προςειπεῑν
1192 3451 1231 3510 ib.
1248 3452 1298 3525 58,

126 3537 250 3602 ἔπεςςιν
270 3539 314 3600 01.
333 3540 408 3598 XIII
428 3542 484 3616 25,
509 3534 587 3614 ἔπος
608 3540 696 3617 Pyth.
714 3540 758 3599 IV
779 3542 850 3600 105.
869 3539 913 3598 VI
933 3543 988 3615 37,
1012 3533 1078 3599 όπα
1101 3540 1185 3600 Nem.
1204 3539 1250 3598 HI
1271 3542 1299 3620 5,

125 3628 232 3691 ἐπέων
250 3631 337 3691 Nam.
354 3628 398 3686 VI
418 3631 468 3689 32.
492 3629 536 3686 IX
556 3631 585 3706 3,
604 3624 683 3689 ἔπος
701 3629 787 3690 Nem.
804 3630 832 3687 X
852 3631 903 3705 80,
922 3629 1027 3689 Isthm.
1046 3629 1061 3687 I
1080 3631 1132 3688 46.
1152 3661 1193 3669 -
1213 3628 1297 3689 Γελ-

125 3715 185 3779 πίς
209 3724 255 3778 est
279 3717 324 3778 Ol.
343 3717 418 3776 XIII
437 3720 487 3778 83.
515 3718 603 3795 Pyth.
622 3719 653 3777 II
672 3721 723 3778 49.
750 3718 904 3780 Isthm.11
923 3721 979 3794 43,
1003 3719 1056 3779 sed
1078 3712 1209 3777 ἔλπεται
1228 3737 1254 3778 ν.
1274 3737 1298 3777 ο.

125 3808 170 3868 01.
189 3809 204 3866 Ι
224 3810 279 3879 64,
303 3811 334 3866 et
352 3802 479 3867 ἐλπίδες
500 3828 528 3867 ν.
547 3827 570 3867 c.
595 3807 641 3867 01.
659 3808 718 3867 XII
739 3810 767 3867 6.
790 3839 832 3848 -
857 3804 993 3868 fieren
1017 3800 1113 3885 (codd.
1137 3799 1170 3865 τ’
1188 3798 1297 3886 ἔθνεα)

124 3899 230 3956 Isthm.
248 3896 277 3952 V
297 3899 351 3973 32,
371 3897 424 3956 sed
443 3891 536 3956 ἔθνος
554 3897 644 3973 Pyth.
663 3897 691 3955 X
710 3898 760 3956 28.
785 3929 827 3938 -
851 3897 868 3957 f
874 3894 988 3971 ἔργον
1008 3895 1056 3955 01.1
1072 3894 1115 3953 XI
1135 3896 1189 3969 38,
1209 3896 1297 3973 Pyth.

123 3987 167 4046 rv
189 3987 261 4046 104.
284 3984 343 4044 vn
363 3988 418 4059 19,
441 3985 526 4043 rem.
544 3985 591 4045 111
609 3988 653 4045 44
676 3983 726 4065 (of.
745 3985 773 4042 ν
795 3978 836 4065 ι).
863 3985 908 4043 vr
927 3987 978 4045 53.
997 3986 1025 4042 r
1044 3986 1099 4058 er,
1123 3984 1175 4044 seu
1199 3979 1296 4058 ἔργον

96 4128 98 4135 ,
126 4074 171 4136 οι.
190 4074 233 4133 rx
254 4075 304 4134 63.
331 4073 420 4150 Pyth.
442 4073 490 4132 ΠΙ
515 4077 565 4134 30.
593 4074 637 4133 Ιν
662 4077 738 4149 229,
760 4076 832 4134 233.
860 4073 1041 4133 5051.le
1064 4075 1097 4150 r,
1117 4075 1169 4134 ιο.
1196 4073 1224 4131 x
1243 4075 1295 4132 30.

125 4163 339 4234 Isthm.1.45;
363 4161 512 4237 ἴέρξαις
535 4161 581 4222 Ol.
603 4163 630 4222 X
653 4167 707 4239 91,
731 4163 784 4222 sed
807 4163 895 4239 Pyth.
914 4161 990 4220 VIII
1010 4165 1028 4222 8
1054 4156 1152 4236 ἔρξαι,
1177 4164 1207 4220 et
1230 4179 1295 4219 con-

125 4255 240 4312 stanter
259 4248 368 4326 ἕργμα.
398 4251 442 4312 Of.
460 4252 545 4312 Nem.
565 4252 580 4311 I
601 4257 628 4312 7.
646 4252 695 4311 III
715 4255 743 4311 6.
762 4252 822 4310 VII
841 4254 892 4325 49,
911 4250 1017 4311 Isthm.
1036 4251 1051 4310 I
1072 4253 1121 4323 26,
1142 4253 1184 4309 47
1199 4249 1237 4308 al.
1254 4280 1291 4290 —

124 4337 321 4402 feforrdru
338 4341 427 4419 Pyth.
446 4342 494 4401 III
513 4343 569 4416 59,
584 4342 644 4400 ‘sed
668 4336 772 4400 ἐοικός
795 4341 880 4399 Nem.
899 4340 930 4399 Π
951 4343 1000 4400 10.
1023 4340 1070 4398 ΙΙΙ
1092 4342 1139 4398 19.
1165 4337 1224 4396 VII
1244 4340 1295 4399 58.

124 4423 328 4491 IsthmV24.
350 4464 387 4473 -
410 4428 609 4505 fecce'pmc
627 4431 732 4492 Isthm.
746 4430 821 4489 VIII
836 4432 888 4505 44,
907 4430 958 4489 sed
974 4425 1110 4502 ἕςπερον
1125 4425 1170 4487 01.
1184 4427 1228 4486 IX
1244 4429 1294 4488 73.
