2864 4958
132 260 174 323 26
564 259 598 313 Η.
617 276 672 313 van
690 259 869 314 Herwerden:
922 233 924 237 .

132 447 192 489 non
206 429 331 488 sustulit
343 428 444 504 Bergk
458 428 611 488 scribendo
626 423 662 489 ἐν
676 423 773 503 φραςί
787 421 882 490 πόξαι
898 422 1030 502 θάπος,
1045 429 1124 504 quod
1138 430 1178 488 sit
1191 423 1311 507 τάφος,

134 516 165 578 et
183 519 212 579 h.
230 519 249 578 l.
269 517 416 594 significet
435 518 608 580 timorem.
640 518 757 577 Miraris
776 517 873 578 virum
891 518 1088 594 ingeniosum,
1107 519 1159 595 qui
1177 520 1312 580 certissi-

132 627 196 666 mas
216 607 343 666 aliorum
360 607 588 668 emendationes
613 626 701 683 saepe
724 607 983 683 non1·ecipiutin
1006 610 1135 683 textum,
1159 609 1312 670 eiusmodi

132 699 266 756 monstra
284 698 391 772 poetae
410 696 578 758 obtrudere.

221 785 273 845 Vs.
295 788 336 846 70
355 786 454 846 deleto
473 789 582 862 puncto
600 786 670 863 post
688 782 830 860 γένηται,
853 784 1015 862 legendum
1038 787 1185 862 suspicor:
1208 783 1244 847 ἐν
1271 785 1309 849 δὲ

131 869 226 954 πείρᾳ
244 872 338 936 τέλος
356 871 571 950 διαφαίνεται,
595 869 641 935 ὧν
660 891 706 935 τις
728 870 925 949 ἐξοχώτερος
943 872 1073 950 γένηται
1092 871 1129 936 ἐν
1147 872 1235 935 παιςὶ
1254 874 1308 938 νέ-

132 981 192 1025 οιςι
211 964 299 1039 παῖς,
323 961 359 1024 ἐν
378 959 528 1039 ἀνδράαν
547 960 641 1043 ἀνήρ,
665 961 787 1039 γέρων
806 957 874 1044 (pro
893 956 1012 1046 τρίτος)
1032 961 1068 1024 ἐν
1089 962 1309 1040 παλαιτέροιςι

133 1051 228 1129 μέρος
248 1050 376 1114 έκαςτος
397 1046 479 1132 (cum
496 1054 628 1132 Bergkio
647 1054 692 1114 ed.
706 1053 750 1111 IV
763 1073 817 1130 pro
838 1045 982 1133 ἕκαςτον)
1003 1047 1075 1114 οἷον
1094 1048 1211 1128 ἔχομεν
1232 1051 1309 1130 βρό-

131 1160 207 1203 τεον
231 1137 332 1204 ἔθνος.
371 1140 430 1220 ἐλᾷ
458 1140 493 1203 δέ
518 1140 577 1202 καί
601 1135 670 1223 (κής
693 1137 810 1223 Bergk)
833 1140 983 1217 τέτςαρας
1007 1137 1121 1218 ἀρετὰς
1145 1139 1163 1202 ό
1188 1141 1309 1205 θνατὸς

132 1227 226 1311 αἰών,
251 1232 386 1307 φρονεῖν
411 1225 443 1290 δ’
462 1227 568 1292 ἐνέπει
591 1229 629 1292 τὸ
648 1227 867 1307 παρκείμενον.
905 1225 1114 1308 Ἕκροιίοαίία
1138 1233 1217 1292 enim
1238 1254 1309 1311 per-

132 1321 258 1396 spicitur
272 1340 420 1381 summum
435 1340 493 1398 quo
507 1322 574 1398 quis
592 1321 698 1381 ceteris
713 1321 839 1380 excellat
856 1341 932 1397 puer
949 1321 1028 1381 inter
1045 1341 1162 1398 pueros,
1182 1324 1308 1384 adultus

131 1411 211 1469 inter
229 1411 356 1484 adultos,
377 1411 475 1470 senior
488 1411 567 1470 inter
581 1411 721 1484 seniores
740 1411 844 1486 quales
859 1410 978 1487 quidem
993 1411 1105 1488 singuli
1118 1413 1172 1471 has
1187 1415 1307 1472 aetates

130 1501 275 1559 habemus
293 1502 453 1577 mortales;
473 1519 599 1576 quarum
617 1499 714 1558 tribus
734 1499 897 1559 virtutibus
917 1503 1055 1576 quartam
1075 1501 1158 1560 addit
1175 1503 1307 1562 mortale

128 1608 244 1665 aevum,
263 1590 411 1664 respicere
430 1589 534 1649 iubens
552 1582 743 1665 praesentia?

219 1678 271 1737 Vs.
292 1680 332 1739 76
358 1675 422 1751 ἐγὼ
442 1673 517 1739 τόδε
542 1695 591 1739 τοι
610 1675 725 1753 πέμπω
750 1675 940 1754 μεμιγμένον
960 1675 1029 1753 μέλι
1049 1678 1151 1758 λευκῷ
1172 1676 1228 1741 cdv
1246 1697 1307 1752 γα-

129 1767 231 1841 λακτι,
260 1765 431 1842 κιρναμένα
457 1762 490 1827 δ’
513 1762 598 1842 ἔερς’
620 1762 774 1843 ἀμφέπει,
803 1763 892 1842 πόμ’
918 1763 1064 1842 ἀοίδιμον
1092 1764 1238 1848 Αἰολῇαν
1269 1767 1307 1830 ἐν

128 1856 276 1917 πνοαίςιν
295 1853 413 1917 αὐλῶν.
442 1856 636 1918 Substantiuo
655 1852 748 1932 έερςα
768 1850 825 1938 (=
840 1853 967 1934 δρόςος)
986 1857 1046 1918 vim
1061 1858 1199 1917 tribuunt
1213 1878 1308 1935 quam

128 1965 291 2023 numquam
315 1948 432 2022 habuit,
462 1966 622 2023 spumam
647 1940 679 2027 (i.
699 1966 724 2007 e.
744 1939 866 2028 ἀφρόν)
890 1948 1084 2026 interpretati
1107 1951 1138 2007 et
1155 1947 1307 2009 nouitium

128 2031 216 2109 πόμα
229 2055 283 2112 ρτο
298 2035 393 2110 πῶμα
407 2036 496 2096 nimis
510 2038 661 2113 patienter
674 2036 784 2096 ferunt.
812 2037 919 2097 Deleta
931 2037 1052 2114 virgula
1065 2040 1134 2113 post
1152 2031 1307 2116 ἀμφέπει,

129 2125 339 2202 corrigendum
354 2127 500 2202 suspicor:
515 2123 686 2201 κιρναμένα
701 2120 733 2184 δ’
747 2120 832 2201 ἔερς’
847 2120 987 2201 ἀμφέπει
1000 2122 1067 2187 τὸν
1082 2120 1227 2201 ἀοίδιμον
1241 2124 1306 2188 ιςτὲ.

129 2216 185 2274 hac
205 2215 366 2274 sententia:
394 2216 454 2291 qui
474 2216 525 2275 sic
543 2218 766 2292 temperatus
785 2217 905 2292 liquor
923 2217 1077 2275 honorat
1095 2217 1211 2277 virum
1230 2217 1305 2276 cla-

128 2324 204 2362 rum
235 2295 406 2384 (victorem)
435 2304 595 2364 Aeolicis
623 2304 798 2363 tibiarum
825 2305 992 2365 flatibus.
1037 2306 1086 2364 Ad
1114 2306 1188 2365 hanc
1216 2307 1306 2366 verbi

128 2387 288 2467 ἀμφέπειν
306 2394 487 2468 potestatem
507 2394 543 2453 cf.
563 2391 606 2453 01.
626 2394 670 2452 VI
690 2397 740 2453 61.
778 2393 810 2452 Si
832 2395 899 2470 quis
923 2395 1001 2453 forte
1023 2395 1202 2470 praetulerit
1220 2389 1306 2458 τόδ’

127 2477 286 2556 ἀοίδιμον,
314 2484 451 2543 clarum
480 2482 573 2542 illud
599 2483 753 2561 facinus,
782 2484 844 2543 scil.
871 2483 1040 2558 victoriam,
1067 2503 1121 2559 per
1147 2504 1194 2543 me
1222 2485 1305 2546 licet.

127 2572 228 2649 Bergk
247 2571 299 2647 qui
317 2572 388 2632 olim
411 2573 577 2633 coniecerat
600 2566 703 2647 (πόμ’
721 2567 880 2650 ἀοίδιμον,
903 2576 1008 2649 postea
1031 2573 1062 2631 in
1081 2573 1126 2632 ed.
1145 2573 1191 2632 HI
1210 2577 1242 2634 et
1258 2572 1305 2632 IV

128 2663 231 2720 tuetur
250 2661 377 2721 formam
396 2662 484 2722 valde
502 2662 648 2723 novitiam
666 2656 762 2737 πόμα.

214 2751 300 2810 Nem.
314 2750 358 2808 IV
373 2752 414 2810 38
435 2748 471 2810 ἐν
486 2745 563 2825 φάει
581 2746 790 2826 καταβαίνειν,
819 2751 928 2810 Dissen
948 2745 1092 2827 ‘petitum
1106 2771 1124 2811 a
1137 2751 1303 2814 victoribus

126 2841 178 2915 qui
189 2841 257 2916 post
271 2857 319 2898 res
333 2842 409 2900 bene
420 2843 525 2916 gestas
539 2841 619 2900 inter
629 2843 830 2916 spectatorum
840 2841 1068 2900 admirationem
1082 2836 1304 2904 discedunt'.

127 2929 268 3005 Fallitur;
279 2925 481 3005 καταβαίνειν
492 2949 608 3007 semper
619 2933 649 2989 et
659 2930 769 3007 ubique
780 2934 826 2990 est
840 2930 1071 3007 descendere,
1085 2931 1141 3006 hic,
1153 2933 1189 2990 ut
1203 2950 1304 3012 saepe,

128 3020 346 3078 descendere
364 3019 400 3077 in
417 3021 654 3096 palaestram,
677 3020 780 3094 itaque
804 3023 953 3079 certare.
990 3020 1095 3079 Verte:
1119 3039 1181 3079 nos
1199 3021 1301 3080 uide-

126 3108 244 3166 bimur
263 3108 485 3169 adversariis
508 3110 620 3168 multo
645 3109 852 3184 superiores
877 3129 952 3168 cum
975 3108 1095 3186 gloria
1120 3111 1303 3169 certaturi

125 3216 214 3257 esse.

125 3279 128 3284 ’
214 3286 265 3347 Vs.
285 3288 327 3346 44
347 3306 401 3362 pro
421 3283 568 3348 τελέςει
587 3288 655 3365 lege
673 3283 805 3349 τελέει.

214 3376 266 3436 Vs.
286 3377 337 3436 55.
373 3375 465 3437 Unice
488 3378 569 3438 reete
592 3377 711 3438 Ahrens
735 3372 871 3456 πολεμίᾳ
893 3372 973 3453 χειρὶ
992 3372 1226 3452 περτραπών
1244 3398 1301 3454 pro

125 3460 389 3540 προςτραπών.

214 3554 265 3613 Vs.
286 3556 326 3613 58
351 3551 487 3628 τέχναιςι
508 3550 750 3630 χρηςάμενος.
786 3555 893 3616 Merito
913 3560 1052 3633 suspecta
1070 3556 1226 3632 scriptura,
1246 3560 1300 3618 sed

125 3663 221 3719 paene
240 3661 414 3703 succenseas
433 3645 519 3704 docto
535 3646 642 3705 editori
655 3645 785 3721 Bergkio
801 3646 994 3706 substituenti
1012 3644 1138 3720 τέχναις
1157 3662 1299 3720 χαρας-

126 3728 286 3806 (άμενος
307 3724 391 3813 (sic),
411 3733 504 3810 quod,
525 3734 549 3792 si
567 3735 662 3794 Musis
680 3736 792 3812 placet,
811 3735 923 3794 dictum
942 3736 982 3794 sit
1000 3755 1054 3811 pro
1078 3731 1298 3811 χαραχθείς,

125 3823 208 3880 ouius
237 3823 298 3881 scil.
325 3822 464 3882 licentiae
493 3825 660 3899 exemplum
688 3824 761 3883 citat
786 3820 1070 3899 καταςχόμενος
1098 3824 1187 3900 Pyth.
1211 3823 1300 3902 110,

125 3911 203 3969 unde
230 3914 357 3987 apparet
381 3912 480 3973 virum
509 3912 742 3973 eruditissimum
770 3933 830 3973 non
858 3914 1034 3975 observasse
1062 3911 1192 3973 Graecos
1222 3916 1301 3974 anti-

125 3999 243 4076 quiores
267 4019 402 4076 perraro,
430 4002 456 4061 si
478 4022 632 4078 umquam,
660 4003 706 4063 uti
731 4002 803 4063 Aor.
826 4003 909 4064 Pass.
932 4000 1077 4078 ἐςχέθην,
1106 4004 1158 4062 sed
1180 4005 1243 4062 tam
1266 4003 1300 4064 iu

123 4089 224 4149 verbo
247 4089 375 4164 simplici
406 4111 496 4167 quam
527 4092 558 4150 in
589 4092 760 4169 compositis
799 4112 853 4168 pro
885 4112 920 4153 eo
953 4092 1094 4152 adhibere
1126 4091 1238 4153 Acrist.
1265 4093 1299 4152 II

124 4180 202 4240 med.
239 4177 329 4238 Cuius
353 4180 397 4238 rei
420 4181 591 4256 ignorantia
609 4181 680 4242 feeit
702 4184 736 4240 ut
755 4182 803 4241 hic
821 4182 882 4241 illic
900 4200 918 4241 a
937 4183 1046 4242 criticis
1066 4181 1145 4258 apud
1164 4182 1299 4257 optimae

125 4269 233 4328 aetatis
257 4268 416 4344 scriptores
435 4270 582 4330 nouitium
601 4266 733 4345 ἑςχέθην
752 4271 922 4332 coniectura
944 4273 1094 4332 invectum
1114 4271 1154 4330 sit
1173 4274 1227 4330 aut
1246 4272 1299 4331 ob·

124 4357 292 4418 litteratum
319 4352 456 4433 ἐςχόμην
484 4360 692 4420 substituendo
721 4345 904 4437 imperfecto.
949 4359 1056 4421 Melius
1085 4363 1165 4420 certe
1192 4361 1298 4436 Bergk

124 4447 276 4511 attulisset
295 4442 552 4523 ςτεφανώςαςθαι
570 4453 746 4525 usurpatum
764 4468 782 4509 a
801 4450 943 4531 Pindaro,
962 4452 997 4508 ut
1014 4451 1137 4526 putant,
1156 4467 1210 4524 pro
1229 4465 1298 4510 ςτε-
1361 4482 1365 4493 ·
