2864 4958
640 244 796 300 Pindarico..
875 257 878 262 '
1262 248 1306 309 13

134 413 274 474 vocabuli
292 413 354 472 vim
372 413 480 471 vellem
500 414 642 489 exemplis
661 415 924 497 demonstrassem.
954 414 1049 473 Nihili
1067 415 1145 473 enim
1164 417 1307 491 estquod

134 504 171 562 de
185 503 281 578 Iongh
296 502 401 561 attulit
415 500 555 561 πλοῦτος
575 491 723 576 μεγάνωρ
739 522 774 561 ex
789 501 833 562 01
847 503 862 560 I
877 506 905 563 4.
933 504 1002 562 Nisi
1015 504 1113 562 omnia
1127 525 1175 562 me
1189 505 1306 581 fallunt,

130 592 336 693 poeta1psum
353 592 506 667 Augeam,
525 592 577 667 qui
596 593 638 651 34
657 592 741 650 audit
759 587 951 667 ξεναπάτας,
970 593 1088 653 vocavit
1106 588 1258 668 ὑπέρβιον
1277 550 1307 652 ei

131 658 332 740 adiectivum
335 699 369 739 eo
394 680 457 739 loco
477 681 589 755 posuit,
615 701 673 757 quo
697 681 795 757 magis
819 685 977 757 appareret
1000 701 1052 741 cur
1075 701 1195 742 necesse
1214 683 1306 742 fuerit

131 770 253 829 Herculi
277 770 395 846 exigere
418 770 592 829 mercedem.
629 770 753 828 Recte
745 790 805 829 ram
829 772 977 830 recentior
1001 771 1122 847 quidam
1146 772 1307 832 scholiasta

130 859 267 920 locum'
241 879 287 940 “sic
304 859 460 934 intellexit,
480 879 606 935 eumque
622 861 742 919 secutus
757 863 912 920 emunctae
926 860 1007 919 naris
1025 862 1123 934 homo,
1141 861 1306 920 Dissenius.

219 949 271 1008 Vs.
283 950 324 1007 30
344 944 403 1007 καὶ
422 944 554 1007 κείνους,
582 948 691 1008 Disseu
706 941 760 1006 ‘ut
773 949 870 1010 alios
884 943 1085 1024 plurimos’.
1105 948 1304 1019 Praestiterit,

118 1039 163 1097 'ni
181 1038 277 1113 fallor,¹
296 1038 433 1096 voculam
452 1033 502 1096 καί
520 1056 580 1097 non
598 1038 726 1114 aliunde,
746 1038 798 1097 sed
813 1057 849 1097 ex
862 1039 1080 1113 ipsocarmine,
1099 1039 1305 1115 interpretari:

129 1130 170 1185 ut
187 1127 260 1202 ipsi
278 1130 386 1186 antea
410 1127 607 1186 exercitum
631 1127 863 1202 Tirynthium
887 1131 1108 1206 straverant,
1133 1148 1224 1204 quam
1242 1149 1305 1188 rem

130 1219 220 1292 poeta
238 1219 343 1275 narrat
360 1218 391 1274 in
410 1216 484 1291 ipsis
504 1216 705 1291 sequentibus.

218 1306 271 1364 Vs.
292 1308 332 1364 51
360 1302 491 1379 βρέχετο
511 1304 618 1383 πολλᾷ
637 1299 755 1379 νιφάδι.
789 1306 907 1383 Merger
936 1300 1017 1364 dies
1037 1325 1100 1365 war
1119 1305 1171 1365 das
1192 1307 1305 1382 einzige

131 1413 193 1456 was
212 1414 283 1453 man
302 1394 417 1453 damals
436 1414 495 1454 vou
509 1395 576 1453 dem
590 1394 725 1454 Kronion
744 1414 836 1471 sagon
855 1389 992 1454 lionnte'.
1021 1395 1188 1454 Tribuitin
1157 1398 1305 1471 mterpres

128 1488 235 1561 poetae
249 1484 280 1542 id
296 1485 376 1560 quod
390 1502 451 1543 non
465 1483 543 1542 dicit.
573 1484 731 1544 Manifesto
750 1485 798 1543 hie
813 1484 983 1560 usurpando
1003 1485 1165 1560 praeterito
1184 1485 1305 1558 indicat,

132 1593 187 1634 sua
205 1576 303 1634 aetate
322 1592 390 1632 raro
409 1573 541 1632 cinxisse
560 1573 591 1631 in
610 1573 730 1644 tironio,
756 1576 786 1633 et
804 1572 921 1649 Olymp.
940 1572 955 1629 I
976 1577 1037 1631 111
1059 1574 1180 1632 disertis
1204 1574 1304 1634 verbis

129 1663 203 1722 dicit
220 1663 314 1722 fuisse
329 1665 399 1721 tune
414 1663 519 1721 collem
534 1663 676 1739 apricum,
696 1658 868 1721 εὐδείελον.
896 1662 1073 1720 Miraculum
1087 1661 1181 1738 igitur
1194 1664 1305 1735 narrat,

130 1755 162 1812 et
180 1753 298 1826 collem,
322 1771 358 1810 ex
381 1771 439 1827 quo
458 1751 587 1810 Saturno
611 1754 745 1811 sacratus
765 1752 817 1823 sit,
838 1751 886 1810 dei
905 1751 1045 1810 beneficio
1065 1769 1202 1827 asperam
1221 1769 1305 1810 suam

128 1844 267 1901 naturam
295 1841 412 1900 exuisse
441 1840 598 1916 significat.
636 1840 679 1899 cf.
704 1840 881 1899 miraculum
909 1840 946 1898 de
970 1841 1053 1899 Batti
1080 1859 1151 1900 voce
1179 1842 1305 1899 terrenti

128 1933 230 1991 leones
248 1930 338 2006 Pyth.
356 1929 384 1987 V
404 1930 455 1988 57.

217 2019 270 2078 Vs.
287 2021 327 2079 78
343 2013 454 2092 ἀρχαῖς
470 2015 505 2077 δὲ
521 2015 691 2093 προτέραις
706 2013 860 2092 ἑπόμεναι
874 2013 925 2076 καὶ
940 2014 999 2076 νὺν
1014 2013 1198 2090 ἐπωνυμίαν
1213 2013 1305 2092 χάριν

128 2103 216 2168 νίκας
245 2102 426 2181 ἀγερώχου,
459 2103 696 2181 κελαδηςόμεθα
725 2103 862 2182 βροντὰν
890 2103 940 2165 καὶ
968 2101 1182 2181 πυρπάλαμον
1212 2105 1305 2182 βέλος

129 2192 320 2272 ἀρςικτάπου
344 2193 425 2256 Διὸς
449 2191 510 2256 κτὲ,
548 2195 795 2273 Quandoquidem
818 2191 910 2270 χάριν
931 2215 991 2254 non
1009 2195 1211 2255 adverbiascit
1228 2197 1256 2258 h.
1276 2197 1304 2270 l.,

128 2288 181 2346 sed
196 2281 380 2359 ἐπωνυμίαν
389 2280 488 2359 χάριν
502 2281 589 2345 νίκας
603 2286 685 2346 valet
699 2281 799 2359 ὕμνον
814 2280 967 2344 ἐπινίκιον
983 2277 1034 2365 (ef.
1050 2278 1165 2363 schol),
1180 2286 1305 2345 verbum

127 2369 365 2449 κελαδηςόμεθα
383 2375 475 2434 habet
490 2376 639 2451 duplicem
653 2375 856 2435 accusativum
875 2369 968 2448 χάριν
988 2378 1019 2433 et
1038 2370 1176 2448 βροντάν
1194 2370 1245 2434 καὶ
1263 2406 1300 2416 -

129 2460 231 2540 βέλος.
276 2462 419 2531 Quocirca
452 2464 579 2523 delenda
609 2465 738 2534 videtur¹
756 2465 875 2540 virgula
903 2467 971 2539 post
1000 2457 1176 2537 ἀγερώχου.
1219 2463 1304 2532 Quod

127 2553 230 2629 Bergk
247 2554 279 2611 in
298 2554 343 2612 ed.
362 2553 439 2612 IVta
462 2553 618 2629 proposuit
642 2549 822 2627 εὐωνυμίαν
840 2553 937 2628 prima
956 2553 1073 2627 syllaba
1092 2556 1242 2629 correpta,
1267 2554 1304 2611 de

129 2662 164 2702 eo
179 2644 291 2702 dubito.
320 2642 388 2701 Vid.
404 2661 495 2718 supra
510 2644 549 2702 ad
564 2640 639 2701 Oli
655 2645 695 2702 89
711 2661 814 2701 versus
829 2643 919 2700 finem
933 2641 1142 2700 adnotationis.

216 2731 267 2790 Vs.
283 2733 324 2790 82
344 2727 381 2790 έν
400 2726 517 2791 άπαντι
533 2727 638 2806 κράτει
656 2763 694 2773 -
710 2728 867 2806 κεραυνὸν
886 2725 1037 2805 ἀραρότα.
1066 2730 1199 2788 Boeckh:
1215 2749 1303 2789 sum-

127 2839 203 2880 mae
234 2821 422 2895 potentiae
451 2823 622 2897 aptatum.
660 2822 714 2895 At,
737 2822 808 2880 lieet
832 2820 968 2879 dicendo:
993 2815 1079 2878 ἅπαν
1100 2814 1216 2893 κράτος
1240 2815 1303 2878 ἐςτί

127 2904 215 2983 παρά
233 2925 293 2968 τινι
313 2910 514 2986 significemus
535 2930 681 2969 summam
699 2929 789 2986 penes
808 2910 938 2984 aliquem
958 2928 1023 2968 esse
1041 2909 1219 2984 potentiam,
1244 2927 1304 2966 non

127 3001 228 3059 tamen
246 2999 355 3057 idcireo
379 2992 466 3057 ἅπαν
489 2993 604 3073 κράτος
627 3019 681 3074 per
704 2997 736 3057 se
755 2998 905 3074 significat
927 3016 1111 3071 summum,
1131 2998 1182 3055 sed
1201 3016 1303 3056 omne

126 3087 294 3164 imperium.
330 3086 429 3155 Quare
452 3088 551 3169 verius
570 3088 679 3149 Dissen
697 3088 844 3164 explicare
863 3087 983 3146 videtur
1009 3085 1103 3146 omni
1126 3085 1304 3146 victoriae

127 3177 303 3250 iunctum,
325 3178 344 3236 i.
364 3196 389 3236 e.
408 3198 500 3253 quum
518 3179 602 3236 nulla
620 3178 746 3238 victoria
765 3196 829 3237 esse
848 3176 956 3252 possit,
979 3175 1039 3234 nisi
1057 3179 1206 3234 aunuente
1231 3174 1304 3236 love

125 3268 248 3341 potente
262 3267 386 3325 fulmine
402 3285 465 3327 suo.
493 3267 639 3326 Boeekhii
652 3266 929 3342 interpretationem
944 3266 1080 3341 sequenti
1094 3268 1175 3323 certe
1185 3266 1302 3324 verten-

127 3355 198 3413 dum
217 3358 275 3415 est:
299 3356 392 3415 omni
412 3357 489 3415 eius
508 3357 696 3431 potentiae
715 3357 892 3432 aptatum,
915 3355 933 3413 i.
954 3374 978 3414 e.
1000 3354 1080 3429 quod
1098 3353 1179 3413 iovis
1197 3356 1302 3428 poten·

127 3443 202 3503 tiam
220 3464 368 3520 nusquam
387 3465 447 3504 non
465 3445 632 3504 comitatur.

215 3533 268 3594 Vs.
289 3538 328 3595 97
363 3531 480 3593 κλυτὸν
505 3529 597 3594 ἔθνος
626 3530 758 3608 Λοκρῶν
784 3528 1010 3609 ἀμφέπεςον
1034 3529 1134 3607 μέλιτι
1162 3525 1303 3606 εὐάνορα

127 3616 222 3682 πόλιν
241 3620 455 3697 καταβρέχων.
485 3622 560 3682 Qum
574 3623 705 3700 Bergkio
720 3618 906 3699 ἀμφέπεςον
922 3622 1098 3682 mendosum
1113 3640 1178 3681 esse
1196 3623 1302 3682 iudico.

127 3709 213 3781 Quod
227 3715 328 3772 autem
343 3713 468 3773 coniecit
485 3707 693 3788 ἀμφίεπον,
712 3712 743 3771 id
761 3716 883 3789 propter
901 3715 1019 3787 tempus
1038 3712 1110 3770 ferri
1128 3729 1188 3770 non
1206 3729 1301 3786 posse,

125 3801 223 3877 ipsum
242 3821 302 3860 non
320 3803 420 3863 latuit.
456 3801 565 3871 Quidni
583 3802 677 3879 igitur
696 3802 820 3863 coniecit
838 3796 1060 3875 diuortium?

215 3889 334 3968 Olymp.
353 3891 396 3950 XI
419 3894 437 3950 6
457 3888 602 3951 τέλλεται
624 3892 785 3968 singularis
809 3911 862 3967 pro
886 3890 995 3966 plurali
1017 3909 1079 3965 per
1107 3889 1301 3949 attractio-

125 3998 216 4056 nem,
241 3984 364 4056 propter
386 3981 563 4040 antecedens
587 3975 671 4055 ἀρχά
694 3975 810 4052 λόγων.
847 3981 926 4039 Male
945 3980 981 4038 de
999 3978 1096 4054 Iongh
1118 3980 1302 4054 comparavit

124 4064 165 4144 ἦν
183 4069 306 4131 Hesiod.
326 4070 438 4146 Theog.
458 4073 520 4137 321
542 4072 573 4129 et
591 4069 680 4145 Soph.
701 4071 778 4144 518,
801 4070 854 4128 ubi
877 4065 917 4144 ἦν
940 4071 1072 4130 veterem
1095 4069 1221 4128 formam
1247 4087 1300 4142 pro

124 4153 204 4233 ἠςαν
224 4177 290 4218 esse
309 4160 382 4218 satis
402 4162 527 4219 constat.

215 4249 268 4308 Vs.
288 4252 328 4308 16
348 4243 580 4321 ἐγγυάςομαι
599 4242 701 4323 ὔμμιν,
722 4241 889 4322 ὧΜοῑςαι,
907 4241 970 4306 κτέ.
998 4247 1208 4307 Necessarium
1221 4245 1300 4304 vide-

124 4340 176 4396 tur
193 4357 336 4414 praesens
356 4341 473 4413 tempus
493 4331 717 4412 ἐγγυάομαι,
738 4336 908 4413 spondeo,
926 4356 986 4395 non
1005 4336 1197 4412 spondebo

214 4427 267 4487 Vs.
287 4430 327 4486 21
354 4423 577 4489 λιαλλάΞαιντο
602 4423 687 4502 ἦθος.
725 4426 839 4486 Vocula
858 4420 898 4487 ἄν
916 4426 1109 4502 potentialem
1134 4424 1301 4500 optativum
