2864 4958
627 250 782 306 Pindarica.
971 230 979 244 ⁸
1272 252 1288 314 7

118 416 250 494 κλέψαι(
273 414 407 480 clirecus
431 413 603 494 ταμπὸται(
629 414 757 496 νέκταρ,
785 413 959 496 ἀμβροείαν
980 437 1016 483 τε
1040 420 1144 484 δῶκεν
1167 415 1216 484 oic
1239 438 1290 485 νιν

117 503 255 584 ἄφθιτον
274 504 396 570 ἔθεεαν.
428 509 486 569 Sed
504 510 610 570 lubens
630 527 666 568 ex
684 509 731 568 his
751 510 876 570 salebris
894 510 1001 587 pedem
1018 514 1156 572 retracto.

205 618 258 677 Vs.
283 620 322 677 71
349 612 517 691 ἑτοῖμον,
541 617 604 676 io.
628 609 774 690 κείμενον
793 613 829 676 ἐν
847 613 938 696 μέειρ.
975 618 1067 678 Recte
1085 621 1172 684 vetus
1198 619 1289 679 schol·

116 701 186 766 ἐπεὶ
205 705 279 766 πᾶει
298 703 474 780 παρέκειτο.
507 698 623 765 delo(
646 700 707 779 γὰρ
731 702 771 781 ἦν
794 706 841 785 τῷ
863 703 998 768 νικῶντι.
1032 705 1137 767 Obiter
1157 709 1290 785 corrigas

116 789 244 856 ἆθλον.
278 795 446 870 Argutatur
465 794 502 853 de
520 795 549 852 h.
568 795 588 852 l.
606 794 643 853 de
661 792 767 870 longh.

204 886 256 944 Vs.
277 884 316 944 75
342 878 446 962 φίλια,
461 881 550 957 δῶρα
573 878 635 943 κτὲ.
672 883 813 958 Neptuno
839 879 957 961 Κύπριν
980 880 1155 963 προβάλλει
1173 887 1290 964 Pelops.

67 1031 71 1039 ,
115 973 183 1033 Vid.
203 972 316 1033 Heeub,
334 971 468 1049 Euripid.
488 974 552 1032 824
564 991 628 1048 sqq.

203 1080 257 1140 Vs.
272 1081 313 1139 89
334 1076 367 1139 ἓξ
382 1072 522 1154 ἀρεταῑει
537 1073 754 1154 μεμαλόταε
769 1073 866 1139 υἱούε.
894 1081 979 1141 Hane
992 1081 1063 1141 libri
1077 1072 1117 1142 Μ’
1131 1083 1290 1143 lectionem

116 1174 201 1230 extra
219 1187 337 1230 omnem
356 1167 589 1229 controversiam
607 1164 700 1244 ponit‘
711 1170 896 1245 epigramma
914 1171 1040 1229 allatum
1058 1190 1077 1230 a
1095 1172 1240 1250 Bergkio,
1258 1173 1290 1231 in

118 1277 176 1336 quo
192 1262 238 1318 est
256 1252 404 1332 ἔργμαειν
424 1252 597 1318 εὐτάκτοιει
618 1275 658 1331 με
665 1251 829 1330 μαλότεε
849 1252 948 1334 ἄκρον
967 1254 1091 1335 ἔφηβοι.
1119 1261 1211 1321 Recte
1228 1262 1290 1321 lum

119 1349 170 1407 alii
188 1349 398 1423 compararunt
416 1346 487 1406 Hes.
507 1344 561 1421 Op.
582 1348 644 1406 231
665 1342 776 1425 θαλίῃ(
795 1344 830 1405 δὲ
850 1343 1011 1423 μεμηλότα
1033 1343 1111 1424 ἔργα
1129 1346 1290 1425 νέμονται.

117 1436 226 1496 Subest
249 1435 468 1512 personifieatio
491 1453 524 1493 re
547 1453 607 1493 non
632 1434 786 1495 dissimilis
811 1437 848 1494 ab
869 1438 1001 1513 eoquod
1025 1437 1134 1497 dieitur
1151 1459 1178 1499 τ.
1199 1459 1222 1499 e.
1243 1438 1289 1502 01.

114 1526 228 1584 71117
250 1521 374 1604 πατέρα
392 1541 427 1584 τε
446 1517 644 1597 Δαμάγητον
663 1518 784 1583 ἁδόντα
803 1519 898 1604 Δίκᾳ,
917 1544 971 1585 nac
989 1527 1116 1586 fortasse
1135 1528 1290 1588 sollicitari

114 1613 204 1674 debet
225 1615 308 1674 locus
327 1613 429 1688 Eurip.
448 1612 525 1674 Med.
547 1614 609 1672 636
634 1609 758 1688 ετέργοι
778 1630 814 1687 με
835 1611 1033 1688 εωφροεύνα.
1069 1616 1203 1676 Pessime
1226 1634 1287 1692 με-

115 1695 258 1778 pebrac
276 1702 371 1762 edidit
390 1701 498 1762 Christ.

203 1792 268 1852 Hoc
278 1810 397 1852 carmen
411 1810 469 1851 non
484 1791 652 1868 relinquam
665 1794 828 1868 antequam
841 1810 984 1853 monuero
997 1793 1034 1852 de
1047 1793 1195 1870 positione
1209 1797 1287 1871 apud

113 1881 276 1941 Pindarum
289 1880 321 1939 in
335 1879 513 1956 quibusdam
524 1880 641 1940 diversa
651 1880 689 1940 ab
704 1899 739 1940 ea
753 1901 843 1956 quam
857 1884 963 1958 poetae
973 1881 1068 1941 Attici
1082 1883 1287 1945 observarunt.

46 1977 49 1983 '
113 1963 503 2047 Nempequodvs.19udov
513 1964 576 2028 ὑπὸ
587 1964 795 2042 γλυκυτάτακ
806 1964 898 2044 ἔθηκε
909 1966 1074 2046 φροντίειν
1082 1975 1151 2032 ante
1159 1973 1289 2033 medium

113 2063 145 2120 et
158 2059 303 2135 liquidam
318 2058 435 2134 syllaba
453 2058 553 2118 brevis
568 2078 627 2119 non
643 2058 827 2135 producitur,
845 2058 877 2117 id
895 2078 954 2119 nou
973 2059 1125 2137 singulare
1144 2065 1191 2121 est
1208 2063 1289 2139 apud

113 2170 250 2228 nostrum
273 2167 304 2224 in
327 2164 376 2237 γλ.
418 2163 462 2224 Of.
487 2164 532 2224 01.
552 2165 626 2225 XIII
647 2168 723 2239 100,
743 2166 832 2242 Pyth.
851 2166 894 2224 XI
915 2169 965 2240 27,
984 2167 1069 2227 Nem.
1088 2167 1133 2225 IV
1152 2169 1204 2230 45.
1227 2168 1288 2228 VII

1071 2253 1108 2262 ι-

114 2277 164 2348 52,
186 2275 236 2333 96.
272 2272 357 2332 Idem
376 2273 489 2331 factum
507 2273 635 2346 videbis,
661 2271 713 2332 sed
732 2273 826 2332 multo
845 2273 957 2350 rarius,
975 2276 1046 2333 ante
1067 2274 1103 2349 βλ
1123 2274 1209 2336 Νοιιι.
1229 2276 1288 2335 VII

114 2365 165 2423 60.
175 2362 279 2423 VIIII
293 2353 339 2443 (in
348 2363 439 2422 verbo
455 2356 641 2437 βλαετάνειν
656 2364 687 2421 et
700 2362 833 2438 cognatis
845 2381 933 2438 saepe
948 2362 1027 2421 idern
1036 2364 1108 2423 feeit
1117 2364 1287 2440 Sophocles.

112 2470 181 2529 Vid.
200 2469 244 2528 ed.
267 2487 336 2528 mea
353 2467 516 2563 OedLReg.
536 2490 563 2545 p.
585 2466 677 2546 220),
701 2472 770 2528 ante
794 2448 834 2543 dp
857 2469 947 2546 Pyth.
968 2470 1042 2529 VIII
1061 2472 1102 2531 47
1124 2474 1154 2530 et
1177 2472 1287 2533 alieubi

113 2577 145 2635 in
164 2575 296 2653 Olymp,
314 2580 383 2635 ante
402 2574 441 2636 δν
458 2575 549 2653 Pyth.
563 2577 590 2634 X
606 2579 656 2636 72.
684 2575 739 2634 His
754 2575 849 2652 igitur
867 2576 987 2668 decepi
1005 2576 1168 2669 loeis—nota
1181 2579 1287 2672 regula

112 2683 267 2762 migratur,
287 2684 340 2743 sed
355 2684 533 2743 observatur
549 2684 653 2743 eadem
671 2683 744 2742 locis
764 2685 905 2741 centum
923 2674 978 2761 (γλ
999 2684 1053 2756 63,
1074 2683 1110 2759 βλ
1127 2685 1156 2758 5,
1175 2684 1216 2759 δμ
1236 2689 1286 2765 22,
1382 2757 1387 2767 ⁴

112 2770 151 2851 δ-ιν
163 2781 228 2870 10).
244 2769 284 2850 ἦ
304 2781 359 2870 (42
380 2783 414 2871 1.)
434 2792 464 2849 ct
482 2787 524 2863 γ“μ
542 2781 591 2870 (2)
611 2808 729 2866 semper
747 2789 861 2849 faciunt
878 2789 1066 2864 positionem.
1104 2790 1189 2860 Quod
1207 2792 1286 2854 idem

111 2880 194 2940 valet
207 2879 244 2939 de
259 2895 300 2953 χμ
315 2879 474 2940 fortuitum
488 2881 542 2952 est,
556 2898 626 2938 nam
639 2880 686 2938 bis
700 2882 819 2938 tantum
834 2878 971 2938 occurrit.
999 2875 1020 2938 Γ
1021 2896 1039 2953 ρ
1058 2899 1153 2954 paene
1168 2900 1287 2957 semper

111 2968 185 3028 facit
197 2968 376 3045 positionem
392 2961 473 3049 (18),
493 2987 610 3044 semper
624 2969 655 3026 in
668 2968 813 3028 vocabulo
829 2961 927 3040 ἀγρόε
941 2986 1077 3043 quaeque
1091 2968 1160 3027 inde
1175 2970 1284 3029 ducun-

111 3059 171 3134 tur,
190 3059 246 3117 ter
260 3060 452 3152 tantum-pon
466 3057 538 3116 facit
552 3051 651 3137 (Nem.
666 3056 754 3115 717.
774 3056 850 3114 VIII
865 3057 915 3131 41,
935 3056 977 3122 fr,
987 3057 1064 3131 214,
1083 3057 1139 3132 Bg.
1155 3057 1200 3116 ed.
1214 3051 1285 3140 ΙΙΙ).
1354 3051 1357 3060 ’

108 3164 211 3224 Etiam
234 3164 266 3223 in
285 3163 343 3238 ᾦρ,
367 3165 405 3238 θρ
425 3166 455 3223 et
478 3163 517 3239 λῖρ
544 3165 651 3240 longe
679 3162 960 3258 saepius-positio
989 3163 1167 3258 obseramur
1195 3184 1285 3241 quam

110 3270 282 3348 neglegitur
297 3263 353 3352 (62
370 3293 377 3329 :
394 3274 444 3347 20,
466 3273 563 3345 24ι8,
585 3272 624 3330 32
637 3293 644 3329 :
657 3263 720 3348 14).
748 3269 784 3328 Ιιι
805 3269 853 3344 βρ,
873 3287 930 3344 πρ,
949 3288 998 3345 κρ,
1017 3286 1067 3343 τρ,
1087 3270 1125 3345 δρ
1144 3270 1180 3329 fit
1197 3271 1285 3346 idem,

112 3361 165 3419 sed
182 3359 278 3420 lenior
296 3364 343 3420 est
360 3359 512 3436 proportio
537 3355 676 3437 (35:19,
696 3361 737 3417 38
749 3381 756 3417 :
767 3360 818 3431 30,
839 3359 898 3417 84:
910 3359 961 3431 51,
982 3360 1043 3417 103
1056 3380 1063 3416 :
1075 3360 1124 3432 85,
1146 3361 1186 3418 26
1199 3377 1206 3416 :
1219 3353 1284 3440 15).

112 3449 248 3525 Denique
271 3452 370 3508 muta
392 3468 468 3509 cum
492 3448 633 3524 liquida
655 3447 737 3523 apud
759 3446 921 3505 Pindarum
948 3465 1061 3521 paene
1088 3447 1143 3506 bis
1171 3448 1284 3508 toties

110 3537 290 3614 positionem
307 3539 381 3598 facit
398 3558 489 3614 quam
507 3558 566 3598 non
584 3537 656 3596 sacit
675 3531 753 3616 (789
765 3558 772 3594 ι
783 3527 871 3615 404).
908 3536 1032 3608 Eorum,
1056 3555 1133 3611 quae
1153 3538 1284 3596 nondum

110 3628 255 3702 recensui,
274 3629 346 3688 haec
363 3628 477 3686 tabella
490 3628 623 3686 declarat
636 3626 856 3702 proportiones:
876 3623 919 3683 πλ
939 3616 995 3705 (36
1008 3647 1014 3683 :
1027 3618 1092 3706 17),
1111 3625 1156 3700 φλ
1176 3619 1211 3704 (6
1222 3648 1229 3684 :
1241 3619 1284 3699 3),

110 3716 148 3776 ut
163 3710 316 3795 (53:30),
331 3716 372 3791 χλ
386 3710 494 3797 (422),
508 3715 545 3775 τι
561 3706 672 3797 (οιι),
686 3714 725 3775 ολ
740 3705 891 3795 (34:20),
906 3706 1064 3795 κμμιο),
1079 3731 1118 3789 cp
1131 3707 1285 3796 (11:11),

111 3808 152 3879 θμ
171 3797 329 3886 (16:13),
352 3797 571 3885 uv(10:16),
595 3820 642 3879 φν
661 3795 795 3885 (12ι5),
819 3818 856 3862 κν
876 3794 1011 3883 (12ι5),
1035 3817 1074 3876 χν
1094 3796 1228 3884 (1125),
1247 3818 1285 3864 τν

110 3887 169 3974 (10
180 3915 187 3954 :
198 3889 242 3976 4),
261 3896 300 3955 θν
320 3889 373 3973 (δε
386 3885 429 3975 7).
457 3894 569 3954 Positio
588 3899 683 3970 aeque
701 3894 799 3952 locum
817 3892 909 3951 habet
922 3891 953 3949 in
967 3892 1048 3951 thesi
1061 3910 1152 3966 quam
1165 3893 1197 3950 in
1209 3893 1283 3971 arsi,

109 4001 171 4061 qua
183 3983 383 4060 proportione,
398 4003 457 4044 non
473 3983 621 4060 indagavi
649 3982 768 4040 Addere
782 3981 896 4057 possim
915 3975 1007 4040 ἐελό(
1021 3972 1078 4061 (τ-
1093 3974 1219 4062 sceler)
1237 3983 1285 4041 ter

110 4073 259 4150 corripere
277 4073 493 4150 paenultimam
516 4070 561 4132 Ol.
580 4072 610 4130 II
632 4075 683 4145 19,
708 4070 797 4147 Pyth.
816 4069 864 4128 HI
884 4072 937 4145 66,
962 4070 1046 4129 Νοιιι.
1065 4069 1108 4127 IV
1128 4071 1182 4144 95,
1206 4071 1283 4129 unde

111 4161 302 4222 Hermannus
318 4160 371 4239 Op.
386 4163 402 4220 I
415 4182 444 4237 p.
460 4162 522 4221 251
539 4161 661 4238 collegit
680 4159 790 4236 ubique
809 4159 887 4235 apud
903 4158 1065 4218 Pindarum
1084 4153 1178 4219 ἐθλό(
1196 4159 1284 4217 corri-

111 4252 242 4328 gendum
262 4270 336 4311 esse.
369 4250 427 4321 Qui
445 4254 550 4310 contra
568 4251 702 4325 disputat
719 4249 821 4324 Bergk
840 4249 878 4306 ad
897 4246 942 4308 01.
962 4248 992 4306 ΙΙ
1013 4251 1051 4308 19
1072 4248 1164 4306 mirae
1183 4250 1284 4306 tamen

112 4341 306 4416 correptionis
317 4341 463 4418 originem
472 4359 533 4399 non
543 4339 670 4416 expedit.
695 4337 765 4397 Alia
777 4338 876 4396 minus
886 4338 1024 4414 vulgaria
1038 4338 1111 4395 haee
1121 4339 1202 4396 sunt:
1218 4331 1284 4396 πάν

110 4448 166 4506 pro
186 4427 250 4492 πᾶν
264 4428 357 4492 01.ss
371 4431 424 4508 85,
442 4424 501 4491 νύν
519 4428 684 4506 temporale
701 4447 755 4504 pro
775 4426 833 4488 νῦν
853 4424 899 4486 01.
912 4427 940 4484 X
956 4428 996 4486 78
1016 4427 1047 4485 et
1065 4426 1184 4501 saepius
1202 4426 1283 4500 alibi,
