2864 4958
637 239 794 295 Pindarica.
1065 247 1067 250 ‘
1257 236 1299 300 15

127 417 176 476 Ita
196 413 285 474 scribi
302 430 363 473 non
379 410 480 487 potuit
497 410 556 469 nisi
579 407 692 467 dudum
714 410 785 484 post
807 406 970 468 victoriam.
1005 407 1110 482 Neque
1134 406 1222 465 huius
1247 406 1303 465 loci

129 509 175 565 est
192 498 291 565 τότε.
326 502 433 577 Itaque
453 499 587 575 suspicor
604 516 707 559 veram
725 497 883 556 lectionem
903 515 968 557 esse
988 492 1108 556 ποείν.

214 593 267 653 Vs.
280 594 320 651 23
337 585 400 649 ἔετι
415 585 451 648 δὲ
466 587 573 663 ιρῦλον
583 583 619 648 ἐν
633 580 827 661 ἀνθρώποιει
842 581 1065 661 ματαιότατον,
1079 580 1163 644 όετιε
1178 577 1303 657 αἰεχύ-

127 698 201 744 νων
219 675 385 756 ἐπιχώρια,
405 672 573 738 παπταίνει
593 672 633 735 τὰ
656 671 774 750 πόρεω.
816 675 944 735 Prorsus
968 676 1103 751 ineptum
1127 676 1175 733 est
1198 667 1303 746 αίεχύ-

126 787 206 847 νων,
227 770 307 848 quod
322 768 488 846 significare
503 765 607 842 nequit
621 760 834 841 ἐξευτελίζων,
854 767 890 823 ut
902 766 1118 840 interpretatur
1133 764 1303 823 scholiasta.

125 861 301 921 Praestaret
319 860 399 919 certe
418 851 650 931 αἰεχυνθεὶε,
670 855 778 916 sedne
796 855 853 914 hoc
871 854 992 930 quidem
1009 871 1133 930 prorsus
1148 851 1304 911 satisfacit.

126 950 195 1010 Nisi
209 949 305 1022 fallor,
319 949 409 1024 poeta
423 943 560 1005 dederat:
579 938 663 1004 όετιε
682 937 884 1018 ἀεχάλλων
902 938 1066 1019 ἐπιχώρια,
1081 936 1251 1024 παπταίνει
1264 935 1305 998 τὰ

129 1033 246 1114 πόρεω.
283 1035 333 1094 Ad
351 1035 555 1096 accusativum
573 1034 610 1094 cf.
628 1035 731 1109 Eurip.
751 1032 848 1103 Orest.
869 1036 942 1093 781.

214 1127 268 1188 Vs.
282 1126 325 1185 50
343 1122 363 1198 ἢ
383 1124 521 1203 θερινῷ
541 1119 629 1198 πυρὶ
648 1117 840 1197 περθόμενοι
860 1119 957 1196 δέματ
975 1119 994 1195 ἢ
1014 1119 1151 1194 χειμῶνι.
1180 1120 1248 1179 Non
1267 1118 1304 1177 de

125 1217 201 1276 ictu
221 1215 312 1275 solis
332 1205 559 1294 (Souncnstich)
579 1212 774 1288 cogitaverim
796 1231 863 1272 cum
884 1211 1032 1286 Mezgero,
1058 1210 1110 1269 sed
1135 1210 1171 1267 de
1193 1208 1303 1268 nimio

126 1305 249 1364 calore
269 1303 426 1378 aestiv0,
443 1303 579 1378 pariente
597 1303 705 1362 febres.

215 1393 267 1451 Vs.
291 1394 353 1452 101
379 1392 416 1450 de
439 1392 556 1450 Achille
581 1387 617 1451 ἐν
641 1387 772 1469 πολέμῳ
800 1384 905 1451 τόξοιε
934 1383 1007 1449 ἀπὸ
1036 1381 1143 1462 ψυχὰν
1171 1381 1302 1445 λιπών.

129 1480 203 1542 (ium
217 1481 354 1541 Hecksro
369 1481 563 1558 expectabam
577 1473 642 1540 ἀπὸ
659 1511 698 1520 -
717 1474 856 1555 βαλών,
873 1478 931 1537 nisi
946 1478 1024 1536 forte
1038 1476 1184 1536 Pindarus
1200 1476 1303 1535 eodem

127 1589 217 1631 sensu
231 1570 392 1646 usurpavit
405 1571 529 1630 verbum
543 1570 705 1645 poeticum:
724 1563 789 1628 ἀπό
804 1563 912 1642 ψυχὰν
929 1561 1053 1626 orror.
1080 1565 1211 1625 Facilius
1226 1565 1305 1623 enim

125 1655 251 1720 ΔΙΚΩΝ
272 1659 305 1718 in
322 1653 448 1719 ΛΙΠΩΝ
472 1659 621 1734 corrumpi
634 1658 758 1733 poterit·
782 1657 968 1733 Quamquam
987 1656 1072 1716 verbi
1092 1655 1213 1714 rarioris
1232 1673 1304 1712 usus

130 1749 271 1808 translati
290 1748 428 1824 exempla
445 1747 560 1823 ignoro.
1145 1770 1147 1775 ·

219 1837 310 1913 Pyth.
320 1836 364 1894 IV
375 1839 403 1895 3.
425 1829 568 1910 (ἅμερον
583 1831 641 1908 μὲν
655 1831 714 1910 χρή
730 1851 762 1894 τε
778 1829 857 1910 παρ’
872 1829 963 1909 ἀνδρὶ
977 1829 1063 1913 φίλῳ
1079 1831 1202 1908 ετᾶμεν,
1218 1828 1304 1892 εὐίπ-

128 1943 193 1986 που
209 1925 330 2000 βαειλῆι
342 1919 494 1999 Κυράναε,
504 1917 593 1999 όφρα
606 1919 784 1999 κωμάζοντι
795 1922 850 1984 τὺν
864 1917 1032 2001 Ἀρκετίλᾳ,
1045 1920 1158 1998 Μοῖεα,
1169 1917 1303 1983 Λατοί-

126 2015 252 2074 δαιειν
276 2007 535 2089 ὀφειλόμενον
553 2010 684 2074 Πυθῶνι
703 2006 735 2072 τ’
758 2007 873 2092 αὔξῃ(
897 2008 995 2088 οὖρον
1015 2008 1131 2086 ὕμνων.
1165 2011 1241 2080 Quia
1260 2030 1304 2070 se-

127 2104 224 2163 cunda
237 2121 365 2179 persona
375 2101 555 2162 coniunctivi
565 2101 678 2161 Graece
691 2122 751 2161 non
761 2103 883 2178 ponitur
897 2103 928 2161 in
942 2102 1069 2161 iubendo
1080 2104 1133 2160 aut
1146 2101 1304 2179 hortando,
1417 2104 1420 2109 ’

125 2193 236 2252 litteris
250 2193 339 2251 aliter
355 2190 511 2267 diremptis
525 2190 663 2251 emenda:
682 2187 899 2266 dorotheus,
917 2184 968 2250 ἵν’
987 2185 1246 2265 ὀφειλόμενον
1264 2221 1301 2230 -

127 2276 246 2360 αὔξῃ(
263 2276 340 2360 aad,
360 2299 441 2357 quae,
455 2282 549 2340 verba
567 2280 699 2356 pendent
717 2299 736 2339 a
752 2282 853 2341 verbis
872 2278 932 2355 χρή
951 2296 983 2340 (ε
1003 2311 1045 2320 -—
1065 2278 1188 2353 (τᾶμεν.

216 2370 268 2429 Vs.
288 2372 328 2430 57
349 2366 368 2445 ἦ
388 2386 429 2443 μα
445 2365 585 2444 Μηδείαε
600 2367 708 2430 ἐπέων
723 2365 832 2444 (τίχεε.
865 2370 1054 2428 Probabiiicr
1073 2369 1194 2445 saltem,
1213 2387 1305 2444 quan·
1358 2405 1364 2414 ·

128 2460 240 2520 tumvis
259 2459 382 2536 incerta,
402 2461 449 2518 est
467 2459 620 2536 Hartungi
638 2460 780 2519 correctio
799 2453 859 2518 ταί
882 2476 923 2533 ρα
940 2453 1004 2517 κτὲ.
1027 2477 1116 2534 quam
1135 2458 1305 2533 Bergkiana

130 2539 190 2628 (ed.
205 2539 299 2627 ΙΙΙ)ἦ
318 2562 359 2621 ρα
372 2543 424 2608 καί
439 2541 556 2622 Μήδει’
575 2542 675 2607 ὀπίεω
695 2543 807 2622 ετίχεν,
827 2549 906 2623 quod
922 2566 974 2606 cur
988 2547 1093 2605 Medea
1106 2547 1226 2620 iaceret,
1245 2565 1304 2605 non

128 2639 263 2712 apparet.
308 2635 431 2713 Altera,
465 2656 554 2713 quam
580 2637 660 2695 idem
686 2637 844 2713 proposuit
870 2637 902 2694 in
930 2636 975 2694 ed.
998 2634 1088 2710 IVta,
1118 2635 1303 2695 barbarismo

129 2720 309 2786 irradiatio
323 2743 378 2801 pro
393 2719 533 2787 ἔπταξαν
547 2727 624 2786 falsa
639 2745 705 2786 esse
720 2727 865 2802 arguitur.
894 2724 1050 2785 Solcecum
1064 2725 1200 2800 estquod
1214 2744 1304 2800 supra

128 2833 171 2874 vs.
188 2816 230 2874 30
245 2814 370 2874 coniecit
383 2807 443 2895 (ed.
453 2807 515 2896 III)
534 2810 746 2887 επαγγέλλων
765 2815 950 2890 παραεχεῑν,
969 2814 1022 2873 ubi
1036 2816 1096 2873 salt
1097 2834 1143 2873 em
1159 2815 1304 2918 debuerat

127 2900 286 2979 παρέξειν,
309 2902 362 2963 sed
380 2923 419 2962 ne
437 2904 493 2963 hoc
512 2905 632 2980 quidem
651 2904 877 2963 admittendum
1126 2917 1128 2922 ·

214 2992 267 3052 Vs
278 2995 328 3052 98
347 2989 400 3051 καὶ
418 2987 465 3051 τί(
483 2987 665 3067 ἀνθρώπων
689 3009 721 3053 τε
741 2989 961 3067 χαμαιγενέων
985 2991 1124 3051 πολιᾶε
1150 2988 1301 3066 ἐξανῆκεν

127 3074 302 3156 γαετρόες
331 3081 390 3141 Pro
410 3082 539 3143 absurdo
558 3081 681 3160 πολιᾶε,
700 3084 778 3159 quod
797 3102 903 3158 parum
917 3081 1045 3140 feliciter
1059 3084 1162 3140 tuetur
1176 3082 1302 3158 Mezgm,

126 3169 267 3247 Hartung
289 3170 416 3231 coniecit
439 3171 570 3232 εκοτιᾶε.
607 3129 755 3276 Equidem
777 3175 864 3233 teneo
889 3171 968 3249 quod
987 3171 1058 3229 olim
1080 3171 1232 3247 proposui:
1256 3165 1303 3229 τί(

130 3289 168 3300 -
189 3276 286 3320 ποτε
305 3258 371 3325 fdc
390 3255 543 3335 ἐξανῆκεν
561 3256 737 3334 γαετρόε;

215 3343 567 3422 Ια.126.-ταχέωεδ
589 3343 783 3452 Ἀδματοε
772 3364 852 3409 ικεν
870 3345 922 3408 καὶ
937 3346 1114 3424 Μέλαμποε
1133 3343 1301 3422 εὐμενέον-

128 3449 180 3495 τεε
202 3429 374 3511 ἀνέψιον.
412 3432 564 3514 Merger
571 3432 708 3512 ἀνεψιόν
730 3442 789 3498 voi
816 3434 1022 3513 εὐμενέοντεε
1045 3438 1198 3515 abhangig
1217 3430 1303 3518 (sic);

125 3525 172 3584 die
190 3525 389 3604 Verbindung
407 3546 467 3587 von
485 3522 622 3601 ἀνεψιόν
641 3529 697 3586 mit
713 3521 782 3588 ἷκεν
801 3529 890 3587 liesse
904 3528 970 3587 sich
990 3547 1069 3587 zwar
1087 3527 1181 3586 durch
1191 3527 1302 3589 'isthm

125 3610 156 3669 H
175 3615 217 3672 48
241 3616 460 3693 uertheidigen‚
484 3617 559 3676 wird
578 3617 651 3676 aber
672 3618 767 3677 durch
790 3619 848 3677 den
866 3617 1037 3694 Rhythmus
1064 3617 1234 3694 unmliglich
1253 3635 1303 3693 ge·

124 3694 249 3761 macht'.
278 3701 403 3771 Quodsi
419 3706 464 3765 ita
483 3707 522 3765 sit
537 3696 645 3785 (aliter
659 3707 739 3766 enim
755 3708 866 3766 sentire
880 3707 999 3766 videtur
1013 3707 1094 3766 auris
1109 3697 1303 3786 Bergkiana),

124 3789 230 3866 utique
249 3794 420 3852 necessaria
433 3798 479 3854 est
492 3795 646 3872 Hartungi
664 3797 806 3857 correctio
826 3791 962 3871 ἀνέψιοι,
981 3816 1051 3856 nam
1071 3791 1223 3868 εὐμενεϊν,
1235 3813 1302 3854 cum

124 3882 232 3954 quarto
256 3899 327 3940 casu
355 3881 439 3959 iungi
463 3903 552 3960 posse
575 3889 695 3961 praeter
728 3886 900 3962 Mergerum
926 3886 978 3946 uix
1010 3885 1167 3961 quisquam
1194 3884 1312 3945 credet:

125 3967 302 4046 Legendum
320 3971 464 4032 arbitror:
483 3967 568 4033 ἷκον
588 3965 717 4056 (Bergk)
739 4005 778 4014 —
800 3970 1007 4048 εὐμενέοντεε
1026 3968 1189 4048 ἀνέψιοι.

213 4059 265 4120 Vs.
283 4061 344 4120 127
370 4057 412 4120 ἐν
430 4059 538 4122 δαιτὸε
556 4059 592 4121 δὲ
608 4059 722 4142 μοίρᾳ
736 4059 910 4138 μειλιχίοιει
925 4058 1035 4135 λόγοι(
1054 4058 1171 4124 αὐτοὺ(
1194 4056 1301 4122 Ἰάτων

109 4144 312 4223 ,δέγμενος
331 4144 393 4209 κτὲ.
421 4149 581 4210 Praestare
599 4153 719 4212 uidetur
737 4148 778 4211 ἐν
799 4148 952 4232 (Boeotico
971 4150 1083 4212 dictum
1097 4172 1151 4229 pro
1166 4145 1214 4232 ἐε)
1234 4152 1301 4210 δαι-

51 4298 58 4322 ,
124 4231 180 4296 τό(
202 4233 238 4296 δὲ
258 4239 399 4313 μοῖραν
417 4233 480 4298 κτὲ.
517 4240 658 4300 Eiusdem
676 4242 869 4301 librariorum
888 4242 997 4303 erroris
1016 4243 1094 4302 hunc
1111 4261 1200 4300 usum
1219 4240 1301 4316 igno-

123 4327 256 4387 rantium
279 4328 340 4386 alia
362 4330 499 4405 exempla
522 4327 602 4389 infra
622 4330 790 4392 videbimus
815 4330 853 4390 ad
876 4330 967 4408 Pyth.
984 4332 1060 4391 VIII
1080 4334 1121 4391 69
1142 4333 1173 4389 οί
1194 4330 1301 4391 Isthm.

122 4413 223 4476 linit.
