2864 4958
611 265 768 322 Pindarica.
1231 264 1274 330 29

100 435 182 514 qued
200 438 291 513 poeta
308 436 345 494 de
359 453 401 509 re,
415 435 447 493 in
460 454 519 510 qua
537 432 634 494 nullas
649 435 713 510 ipse
725 437 827 511 partes
843 431 964 512 agebat,
980 436 1077 496 dicere
1091 454 1149 496 non
1167 436 1275 511 potuit.

41 599 44 604 Ι
101 518 544 599 Ιιιιιανυνίόιιλιιιάνάβαλλέ
559 541 620 598 μοι
635 526 689 583 aut
702 519 920 599 ἀναβάλλεο
935 519 1274 600 πυιόιναβαλλέμεν,

98 616 283 692 iungendum
298 633 365 674 cum
386 609 538 687 Κρονίων.
566 613 711 672 Precatur
728 616 818 688 poeta
831 615 933 674 Iovem
947 617 981 673 ut
999 633 1035 673 ea
1053 615 1225 690 certamina,
1244 614 1276 672 in

98 705 208 781 quibus
228 706 337 781 agatur
356 703 392 762 de
411 702 475 763 vita
494 704 526 761 et
542 722 627 779 nece,
646 703 765 762 differat
782 702 814 761 in
827 706 947 779 tempus
961 703 1201 777 remotissimum,
1215 704 1235 763 i„
1250 724 1274 763 e.

97 795 241 869 utquam
261 792 429 852 diutissime
447 811 552 867 pacem
571 794 683 852 servet:
702 786 730 851 εἰ
749 787 900 866 δυνατόν,
923 788 1079 871 Κρονίων,
1097 793 1213 866 πεῖραν
1235 823 1272 833 -

98 877 240 944 θανάτου
263 879 336 956 πέρι
364 877 415 939 καὶ
442 877 526 958 Ζῴαε
552 875 817 957 ἀναβαλλέμεν
846 875 890 939 circ
917 877 1079 956 πόριιιτα,
1108 882 1223 956 μοῖραν
1247 874 1275 940 δ’

98 967 239 1046 εὔνομον
257 965 353 1030 αἰτέω
374 986 406 1030 ιε
425 965 531 1029 παιιὶν
551 966 652 1044 δαρόν
671 965 826 1030 Αἰτναίων
845 964 986 1031 ὀπάζειν.

187 1060 240 1119 Vs.
265 1062 305 1120 37
335 1058 452 1134 παῦροι
481 1055 516 1118 δὲ
547 1054 765 1119 ΒΟΥΛΕΥΕΑΙ
795 1053 1107 1134 φόνουέπαρποδίου
1131 1057 1275 1135 νεφέλαν

96 1145 237 1224 τρέψαι
256 1144 330 1208 ποτὶ
349 1145 531 1222 δυιμενέων
550 1142 679 1221 ἀνδρῶν
699 1142 804 1222 ιτίχαι
823 1145 910 1223 χεριὶ
928 1144 978 1208 καὶ
998 1149 1087 1228 ψυχᾷ
1106 1144 1273 1209 δυνατοί.

96 1239 232 1300 Pendere
250 1238 370 1322 uidetur
389 1237 513 1296 eruditis
535 1236 700 1312 βουλεῦεαι
718 1256 737 1296 a
755 1233 900 1312 δυνατοί,
921 1238 1001 1314 quod
1020 1257 1111 1314 quam
1129 1239 1275 1299 absonum

98 1329 139 1388 sit
158 1347 245 1388 neme
258 1327 395 1387 monitus
410 1346 469 1385 non
483 1325 574 1403 videt,
593 1327 663 1402 quia
677 1346 768 1402 quam
781 1330 862 1387 reete
877 1327 986 1387 dicitur
1001 1323 1132 1388 δυνατοὶ
1151 1324 1275 1405 τρέψαι,

96 1419 163 1477 tam
184 1435 325 1493 perverse
349 1412 480 1477 δυνατοὶ
505 1415 672 1492 βουλεῦιαι
695 1412 820 1491 τρέψαι.
862 1415 971 1476 Procul
996 1416 1086 1477 dubio
1111 1417 1143 1476 in
1166 1418 1275 1477 mendo

96 1507 188 1566 cubat
212 1504 391 1582 βουλεῦεαι,
422 1507 474 1565 sed
497 1506 553 1565 hcc
576 1525 669 1565 unum
691 1504 837 1582 perspicio
865 1506 961 1565 latere
990 1505 1112 1582 aliquod
1142 1509 1196 1565 aut
1223 1505 1276 1564 ad-

96 1595 237 1658 iectivum
248 1598 301 1655 aut
314 1595 504 1670 participium
518 1594 703 1671 iungendum
712 1613 779 1655 cum
794 1591 951 1673 νεφέλαν;
965 1594 1183 1655 incertissimas
1197 1595 1276 1654 enim

99 1689 170 1746 sunt
192 1704 269 1761 quae
294 1687 471 1745 succurrunt
494 1683 693 1744 coniecturae:
726 1684 844 1758 παῦροι
867 1677 901 1743 δ’
928 1680 1194 1760 ἐφορμῶιαν
1226 1685 1277 1745 vel

98 1774 215 1849 παῦροι
239 1771 279 1834 δέ
304 1790 377 1833 που
402 1769 549 1849 λαβρὰν
572 1767 678 1848 φόνου
697 1768 771 1847 κτὲ.,
795 1773 844 1834 rel
862 1773 979 1848 παῦροι
998 1770 1034 1833 δέ
1053 1790 1112 1833 τοι
1131 1769 1276 1847 λυγρὰν

100 1896 137 1906 -
159 1860 333 1939 τρέψαι-
357 1858 496 1922 δυνατοί.

186 1953 272 2014 Nem.
290 1953 318 2012 X
339 1955 379 2013 13
405 1947 424 2011 ὁ
448 1945 482 2011 δ’
505 1946 605 2031 ὄλβῳ
634 1948 827 2027 φέρτατοι
854 1944 935 2012 ἵκετ’
959 1948 992 2011 ἐι
1020 1946 1127 2012 κείνου
1150 1945 1276 2024 γενεάν,

99 2037 170 2104 ἐπεὶ
189 2039 225 2103 ἐν
244 2038 391 2117 χαλκέοιι
410 2035 523 2101 όπλοιι
538 2035 701 2116 Τηλεβόαι
720 2036 849 2117 ἔναρεν·
872 2042 918 2121 τῷ
937 2035 970 2100 δ’
983 2034 1061 2115 ὄψιν
1075 2035 1277 2114 ἐέειδόμενοι

99 2126 272 2206 ἀθανάτων
288 2128 430 2206 βαιιλεὺι
445 2125 548 2190 αὐλὰν
562 2127 704 2206 έιῆλθεν,
718 2126 779 2192 κτὲ.
802 2129 935 2190 coniecit
948 2131 1066 2206 Kayser
1080 2124 1099 2188 ὁ
1114 2123 1146 2188 δ’
1161 2123 1276 2204 όλβοι

98 2219 259 2296 φέρτατοι
277 2216 339 2281 κτὲ.
372 2221 479 2281 Nescio
499 2241 537 2280 sn
554 2222 690 2296 praestet
709 2215 728 2279 ὁ
747 2213 924 2299 δ’όλβων
943 2218 1111 2296 φέρτατοι.

188 2310 241 2370 Vc.
262 2313 303 2370 18
329 2304 501 2386 βαίνοντ’
518 2305 589 2371 ἐετί.
618 2308 663 2369 De
682 2309 832 2369 industria
849 2309 893 2369 ita
911 2310 1030 2385 scripsit
1043 2308 1199 2383 Pindarus,
1217 2326 1276 2367 non

100 2393 241 2478 θακοῦε’,
270 2399 340 2476 quia
361 2399 392 2458 in
415 2399 532 2460 Heraea
555 2399 669 2475 Argivo
692 2399 777 2459 iuxta
798 2399 943 2460 Iunonem
971 2398 1124 2458 sedentem
1153 2398 1276 2457 stabat

102 2489 248 2551 quentae
268 2491 401 2566 signum,
421 2507 494 2566 epus
512 2488 702 2565 Nausicydis.
737 2487 806 2546 Vid.
825 2488 951 2548 Pausan.
969 2487 1001 2546 ΙΙ
1023 2490 1072 2562 17,
1092 2488 1122 2546 5.
1185 2553 1188 2559 ,

189 2578 242 2639 Vs.
266 2581 307 2639 33
338 2572 422 2638 ὅιτιι
450 2573 616 2653 ἁμιλλᾶται
648 2573 721 2650 περὶ
748 2571 891 2651 ἐιχόιτων
919 2571 1046 2637 ἀέθλων
1078 2575 1275 2651 κορυφαῑι.

101 2667 168 2728 Non
187 2669 287 2746 placet
305 2687 446 2728 numerus
464 2667 604 2745 pluralis,
629 2667 699 2743 quia
721 2685 780 2726 non
804 2668 905 2740 agitur
923 2666 961 2726 de
980 2667 1103 2742 summis
1126 2666 1276 2743 praemiis,

100 2757 153 2817 sed
182 2759 218 2817 de
248 2777 364 2818 summe
393 2758 541 2835 praemio,
569 2756 588 2817 i.
611 2777 636 2816 e.
660 2757 761 2832 palma
783 2754 946 2832 Olympica
982 2755 1158 2832 Legendum
1183 2754 1278 2832 igitur

100 2845 288 2921 κορυφᾶε,
303 2846 382 2923 qued
396 2847 485 2906 schol.
501 2847 628 2906 fortasse
642 2846 752 2921 legisse
765 2845 808 2904 ait
817 2845 966 2922 Bergkius
981 2847 1012 2904 et
1025 2845 1084 2904 iam
1095 2843 1277 2903 Schmidium

98 2935 186 2996 rideo
205 2937 435 2996 commendasse.

191 3024 243 3085 Vs.
257 3027 300 3085 50
319 3021 359 3085 οὐ
378 3024 499 3099 θαῦμα
518 3018 622 3099 ιφίειν
636 3019 766 3095 έγγενὲι
786 3017 900 3098 ἔμμεν
919 3016 1089 3098 ἀεθληταῖι
1103 3015 1275 3094 ἀγαθοῑιιν.

101 3113 235 3175 Verbum
249 3108 346 3190 ἔμμεν
361 3115 454 3175 τριτταὶ
467 3114 599 3191 pesitum
613 3111 659 3173 bis
674 3113 867 3190 cogitandum
882 3132 947 3172 esse
961 3114 1070 3190 putant
1087 3113 1276 3188 interpretes,

102 3204 181 3280 qued
199 3224 305 3265 uereor
323 3207 359 3264 ut
377 3224 451 3264 sana
468 3203 666 3282 grammatica
678 3203 845 3279 permittat.
873 3202 1020 3262 Pindarus
1036 3201 1189 3277 scripsisse
1202 3200 1276 3260 mihi

98 3294 233 3353 videtur·
257 3288 297 3352 ου
318 3287 428 3367 θαῦμ’
447 3288 478 3352 εἰ
498 3287 601 3394 ιφίειν
619 3288 750 3364 ἐγγενέι
770 3283 823 3370 (sc
843 3283 954 3372 έιτιν),
974 3285 1089 3366 ἔμμεν
1108 3284 1276 3377 ἀεθληταῑι

101 3376 275 3454 ἀγαθοῖιιν.
304 3380 341 3439 Ιιι
358 3381 543 3485 praegressis
562 3381 666 3458 utique
680 3400 748 3441 cum
761 3379 893 3458 Bsrgkio
911 3376 1177 3456 legoniensem
1195 3365 1277 3452 πρό(

99 3491 154 3546 pro
174 3465 281 3532 ξενίαν
299 3464 387 3544 παρ’.

186 3560 239 3620 Vs.
259 3561 300 3620 58
327 3560 391 3620 obit
377 3562 424 3620 ter
446 3579 556 3637 repone
580 3578 681 3621 ueram
706 3560 831 3620 formam
851 3551 1091 3633 ἀμπιμπλόιντει
1108 3577 1164 3634 pre
1183 3551 1275 3632 ἀμπι·

99 3645 247 3711 πλόιντει.

188 3740 240 3799 Vs.
257 3743 296 3799 71
317 3732 377 3799 ἐπ’
394 3731 460 3820 Ἴδᾳ
478 3733 651 3817 πυρφόρον
670 3737 788 3803 πλᾶξε
807 3732 972 3812 ψολόεντα
990 3729 1156 3810 κεραυνόν.
1184 3734 1277 3794 Usur-

39 3861 43 3865 ·
99 3829 165 3905 pari
185 3829 261 3889 solet
247 3825 429 3905 ίπλήττειν
448 3849 516 3889 cum
534 3829 706 3890 accusative
725 3828 788 3888 eius
807 3828 859 3904 qui
876 3818 984 3910 (quod)
1003 3825 1119 3901 feritur,
1138 3842 1197 3897 non
1211 3823 1275 3883 eius

98 3918 177 3994 qued
191 3917 301 3977 iacitur
301 3921 504 3995 quapropter
512 3918 674 3995 legendum
681 3936 817 3995 suspicer
831 3916 962 3992 ικᾶψε,
978 3915 1057 3992 quod
1067 3917 1115 3974 est
1123 3932 1276 3990 propmum

99 4010 136 4068 de
155 4007 303 4067 mittendo
322 4008 419 4084 telos
410 4007 558 4084 rmprimis
577 4009 614 4068 de
632 4007 767 4067 fulmine

186 4096 240 4158 Vs
259 4100 301 4158 90
325 4091 437 4157 dvdb'
457 4090 629 4157 ἔλυιενὲ
592 4092 845 4172 μὲνόφθαλμὸν
863 4090 927 4156 κτὲ
963 4088 1048 4154 Seil.
1072 4094 1199 4170 iupiter,
1224 4092 1275 4167 qui

99 4189 179 4246 solus
208 4188 263 4248 hoc
291 4179 432 4262 poterat?
475 4186 597 4263 Dircen,
623 4187 675 4263 qui
699 4187 802 4262 procul
826 4184 916 4243 dubio
939 4184 1065 4243 fallitur
1103 4181 1275 4240 Subiectum

98 4277 178 4335 idem
197 4295 262 4337 csse
282 4276 371 4336 debet
358 4275 496 4356 tqued
487 4295 519 4335 m
540 4293 718 4352 praegresso
739 4274 888 4335 sententia
906 4275 953 4333 est
968 4274 1053 4335 verbi
1067 4267 1154 4344 θέτο,
1173 4269 1275 4345 itaque

98 4365 221 4441 Pelops,
245 4365 297 4442 qni
319 4367 439 4442 optione
463 4383 518 4426 sua
540 4365 630 4425 fratri
648 4367 748 4426 ocules
772 4363 909 4438 resolvit,
934 4382 989 4439 cpe
1008 4365 1110 4421 tamen
1128 4358 1216 4433 Iovis,
1240 4360 1276 4416 ut

98 4457 179 4514 ultre
199 4458 333 4530 apparet.
