2864 4958
131 263 174 330 20
562 264 597 320 H.
616 281 671 319 van
689 263 870 320 Heraerden:

220 435 273 495 Vs.
294 437 332 494 21
354 427 467 493 ἔπεεε
491 426 524 492 δ’
547 429 587 494 οὐ
608 428 753 508 Χαρίτων
776 421 868 492 ἑκάε.Ι
887 429 1069 492 oblitterata
1091 431 1163 492 olim
1184 430 1311 494 videtur

133 526 231 584 forma
248 525 370 584 Aeolica
389 517 518 597 ἔπετε,
542 542 631 598 quam
650 543 682 582 sc
700 524 731 581 in
751 521 970 599 exemplambus
989 541 1048 581 non
1067 521 1198 598 reperire
1217 523 1309 582 mira

133 617 184 674 tus
198 614 318 674 videtur
331 613 357 673 is
373 613 469 688 quiin
483 613 553 672 libri
566 612 590 672 P
604 612 740 689 margine
754 611 909 672 adnotavit
923 606 995 684 οὐχὶ
1009 605 1113 671 ἔπετε.
1135 611 1213 670 Nam
1228 613 1311 671 infra

133 705 173 762 81
198 703 311 778 legitur
334 696 507 776 ἔμπετεε,
531 721 585 761 nec
608 701 760 778 probabile
779 701 898 760 videtur
916 700 948 758 in
967 700 1070 760 eodem
1089 701 1218 760 carmine
1235 721 1309 777 poe·

130 795 193 851 tam
211 795 370 868 utramque
388 790 474 851 verbi
492 791 632 865 formam,
651 809 838 850 communem
856 792 888 849 et
906 789 1104 864 dialecticam,
1123 789 1307 851 adhibuisse.

130 880 274 940 Similiter
301 879 381 956 apud
408 880 571 940 Pindarum
593 880 674 938 haud
697 881 741 938 ita
767 896 836 937 raro
863 873 1030 953 ἀμεύεεθοιι
1058 880 1089 938 in
1117 872 1308 954 ἀμείβεεθαι,

130 965 214 1030 πεδά
230 969 263 1028 in
281 963 368 1045 μετά,
391 963 486 1030 Ξννόε
504 970 535 1028 in
553 963 668 1047 κοινότ,
687 960 820 1028 κλεννόε
837 968 869 1026 in
888 961 1020 1043 κλεινόε,
1039 969 1174 1043 abasque
1192 969 1308 1029 formas

130 1059 299 1120 dialecticas
322 1059 355 1119 in
377 1077 547 1118 communes
572 1077 590 1116 a
611 1058 742 1117 librariis
766 1060 898 1117 mutatas
917 1076 983 1117 esse
1007 1057 1172 1134 probabilis
1191 1060 1238 1116 est
1256 1047 1308 1117 su-

130 1138 227 1224 spitio.
256 1146 467 1207 Adhibendam
480 1151 582 1208 tamen
597 1166 662 1207 esse
675 1147 707 1205 in
720 1146 914 1208 restituendis
927 1145 989 1205 illis
1002 1165 1144 1223 magnam
1156 1147 1307 1207 cautelam

130 1241 256 1314 apparet
284 1257 319 1297 cx
340 1237 428 1312 locis,
456 1237 553 1313 qualis
577 1240 625 1296 est
648 1257 675 1296 ν.
696 1255 718 1296 c.
738 1236 830 1313 Pyth.
852 1235 896 1294 IV
918 1237 994 1314 133,
1021 1237 1072 1296 ubi
1096 1231 1307 1310 παρεκοινᾶθ’

132 1329 229 1387 metro
248 1329 348 1386 tutum
368 1330 415 1386 est
433 1328 465 1385 et
483 1326 650 1385 excluditur
668 1319 872 1399 παρεξυνᾶθ’.

218 1417 271 1481 Vs.
291 1419 331 1476 29
357 1410 416 1491 εἰμι
440 1409 476 1473 δ’
498 1409 663 1489 ἀεχολοε
686 1408 845 1489 ἀναθέμεν
864 1412 968 1474 πᾶεαν
987 1407 1203 1489 μακραγορίαν
1222 1409 1308 1493 λύρᾳ

127 1522 162 1566 τε
186 1501 236 1567 καὶ
264 1501 421 1580 φθέγματι
445 1504 610 1583 μαλθακῷ,
639 1501 679 1578 μὴ
703 1498 798 1577 κόροι
822 1499 948 1563 ἐλθὼν
975 1499 1088 1582 κνίεῃ.
1116 1502 1216 1562 Haec
1245 1504 1307 1563 fuit

128 1598 234 1671 poetae
253 1612 350 1654 mens:
370 1587 481 1669 ‘neque
501 1593 595 1667 otium
614 1592 687 1651 mihi
705 1593 839 1668 suppetit
856 1585 938 1673 (nec,
958 1592 984 1650 si
1003 1594 1156 1668 suppetat,
1179 1612 1213 1651 eo
1233 1593 1308 1652 abu·

127 1675 205 1765 tar),
238 1687 273 1742 ut
304 1683 419 1742 multus
451 1682 508 1741 sim
535 1682 566 1755 in
599 1682 728 1758 singulis
760 1680 1038 1757 commemorandis,
1066 1675 1156 1741 cett'.
1198 1681 1306 1743 Brevi-

127 1773 300 1848 loqnentiae
323 1790 446 1847 parcere
463 1774 605 1847 potuerat
623 1770 778 1832 scribendo
802 1766 862 1844 εἰμι
886 1764 919 1829 δ’
943 1764 1119 1844 ἀττομοε,
1143 1789 1205 1831 ore
1228 1790 1307 1832 meo

127 1881 197 1920 non
217 1865 312 1938 utar,
335 1862 375 1920 ut
393 1864 491 1938 cett,
511 1861 563 1920 sed
580 1860 655 1919 nihil
673 1861 859 1919 mutandum.
888 1860 957 1920 Alia
975 1861 1143 1920 contractae
1163 1859 1308 1920 orationis

128 1951 264 2027 exempla
286 1951 417 2026 reperies
441 1948 488 2009 01.
507 1949 564 2008 VII
583 1951 639 2024 23,
667 1948 755 2025 Pyth.
774 1949 817 2008 IX
838 1950 892 2022 78,
919 1949 1005 2008 Nem.
1024 1947 1099 2007 VIII
1120 1951 1173 2023 27,
1199 1949 1307 2011 Isthm.

126 2039 171 2098 IV
191 2043 231 2100 15
252 2059 309 2117 sq,
327 2038 448 2115 Fragm.
469 2041 542 2098 112.
578 2038 627 2097 Ad
645 2057 708 2098 rem
732 2039 769 2099 cf.
787 2038 875 2114 Pyth.
899 2037 942 2095 IX
962 2041 1002 2097 76
1014 2056 1078 2114 sqq.
1118 2036 1307 2114 Quamquam

108 2147 291 2206 „properans
306 2131 343 2189 ad
358 2130 456 2204 ipsum
470 2127 613 2189 victorem
631 2128 850 2201 celebrandurn,
868 2127 999 2202 reliquos
1018 2128 1118 2185 tamen
1134 2120 1192 2205 (vs.
1208 2129 1250 2187 28
1264 2124 1308 2186 τά

129 2214 164 2277 δὲ
183 2214 235 2277 καλ
254 2212 405 2292 ἀνδράειν
423 2209 600 2298 ἐμπρέπει),
620 2236 746 2294 quorum
759 2217 898 2276 laudibus
912 2215 1066 2275 immorari
1080 2215 1210 2292 nolebat,
1230 2217 1307 2277 scite

126 2307 227 2383 tangit
240 2325 284 2366 vs.
300 2310 351 2383 36,
364 2307 577 2365 Midulidarum
588 2306 755 2382 Theogneti
770 2308 801 2365 et
816 2304 993 2365 Clitomachi
1006 2306 1122 2382 palmas
1133 2302 1307 2382 Olympicas

128 2398 159 2455 et
177 2395 355 2455 Isthmiacos
375 2414 433 2454 una
453 2415 519 2454 curn
538 2396 594 2454 hac
612 2396 737 2455 victoria
755 2394 883 2471 Pythice
901 2412 1143 2454 commemorans.
1173 2395 1175 2400 '

216 2485 269 2547 Vs.
289 2487 329 2545 38
354 2479 498 2547 κτεάνων
517 2480 623 2559 φύλαξ
643 2480 737 2559 ἐμῶν.
770 2483 840 2550 Sine
854 2502 944 2544 causa
962 2483 1070 2543 idonea
1088 2482 1308 2544 hinc-efficiunt

128 2577 247 2651 poetam
269 2575 301 2634 in
323 2574 477 2635 Alcmanis
500 2575 608 2635 sacello
632 2575 788 2650 pecuniam
818 2592 903 2634 suam
931 2572 1112 2649 deposuisse.
1159 2570 1244 2640 Quod
1273 2574 1308 2633 iu

126 2664 307 2741 templorum
326 2664 478 2724 thesauris
497 2663 649 2722 interdum
668 2664 781 2722 factum
795 2682 860 2722 esse
874 2663 1019 2737 novimus,
1038 2663 1070 2721 in
1084 2661 1201 2721 sacellis
1220 2662 1307 2738 ignc-

125 2771 236 2827 ramus,
253 2771 308 2813 nec
326 2754 480 2829 probabile
500 2752 555 2812 est.
584 2752 669 2810 Nihil
687 2751 769 2811 aliud
788 2752 861 2812 dicit
878 2755 976 2830 poeta,
994 2769 1084 2827 quam
1102 2751 1222 2810 heroem
1241 2752 1306 2812 suis

127 2842 251 2902 aedibus
270 2842 401 2904 vicinum
419 2861 490 2902 suae
508 2860 670 2918 rerumque
690 2860 811 2901 suarum
830 2842 922 2901 saluti
940 2841 1105 2918 invigilare.

214 2931 266 2991 Vs.
292 2935 332 2992 69
361 2925 441 3007 ἀμφ’
469 2928 628 2992 ἕκαετον
657 2924 716 2990 dcc
743 2927 863 3006 νέομαι.
903 2931 1021 3008 Meager
1049 2923 1218 2989 ‘entweder
1245 2930 1306 2989 mit

126 3022 193 3081 dem
211 3021 341 3081 blossem
360 3022 429 3082 Aac.
449 3021 635 3096 verbunden,
654 3022 710 3080 wie
728 3020 815 3081 Hom.
834 3020 869 3082 Il.
888 3020 949 3078 VII
967 3021 1045 3094 335,
1069 3020 1141 3079 oder
1159 3037 1230 3077 man
1248 3019 1305 3078 hat

124 3130 161 3168 zu
179 3105 238 3171 δἐα
257 3128 310 3169 aus
330 3112 397 3171 dem
414 3110 681 3186 sorhergahendcn
699 3104 780 3184 ἀμφί
798 3131 835 3168 au
853 3117 1013 3186 erganaen,
1033 3133 1076 3156 =
1098 3108 1245 3169 versari
1269 3108 1303 3167 in

124 3199 226 3275 aliqua
244 3218 285 3272 re,
303 3199 443 3275 persequi
457 3192 596 3276 aliquid'.
625 3197 791 3275 Utrumque
806 3200 955 3261 soloecum
974 3200 1034 3273 est;
1052 3216 1122 3256 nam
1141 3196 1221 3272 quod
1240 3197 1301 3256 dici

120 3291 224 3364 potest
246 3281 370 3348 νέετθαι
395 3282 533 3362 πατρίδα
556 3288 652 3360 γαῖαν
675 3279 806 3369 (spurios
830 3307 895 3349 esse
919 3305 969 3347 ecs
993 3304 1098 3347 versus
1121 3304 1200 3345 nunc
1223 3286 1301 3346 nihil

124 3371 246 3458 moror),
264 3379 333 3438 inde
351 3399 410 3439 ιιοιι
430 3378 573 3454 seqnitur,
595 3378 707 3455 opinor,
727 3377 875 3438 Graecum
893 3396 958 3437 esse
977 3371 1101 3438 νέεεθαί
1119 3393 1148 3435 τι
1168 3366 1298 3455 (χρῆμα,

125 3460 281 3548 πρᾶγμα),
304 3487 358 3529 nec
377 3461 459 3543 ἀμφ’
478 3460 537 3526 dcc
555 3463 666 3541 νέομαι
684 3469 747 3527 ullo
765 3467 852 3528 modo
872 3467 1039 3543 significare
1063 3484 1151 3541 posse
1169 3464 1201 3522 id
1217 3466 1298 3539 quod
1328 3512 1346 3518 ε

124 3558 212 3631 putat
238 3557 286 3615 vir
313 3558 430 3631 doctus,
458 3556 532 3615 satis
560 3556 751 3616 manifestum
776 3561 830 3617 est
867 3553 932 3625 Quo
960 3556 1126 3629 intellecto,
1154 3555 1189 3611 ut
1218 3555 1303 3629 puto,

124 3644 227 3721 Bergk
245 3646 358 3722 recepit
379 3647 477 3705 lenem
495 3645 665 3722 Mingarelli
688 3637 908 3706 correctionem
922 3641 1069 3720 νέμομαι,
1093 3641 1172 3720 quod
1198 3644 1302 3702 tamen

123 3735 250 3796 verbum
268 3737 341 3796 satis
360 3736 466 3811 aptum
484 3753 550 3794 esse
569 3732 709 3796 dubitans
726 3736 792 3811 ipse
811 3734 936 3795 conicio:

459 3817 541 3899 ἀμφ’
561 3818 685 3884 ἕκοετ’
704 3820 746 3885 ἑν
765 3818 823 3885 dcc
842 3821 968 3899 νέομαι,

123 3912 142 3971 i.
152 3933 177 3972 e.
196 3931 288 3988 quae
307 3912 515 3990 aggredior,
535 3916 569 3971 ut
587 3908 623 3973 ἐν
641 3913 781 3974 Boeotico
798 3913 931 3990 positum
950 3914 991 3973 sit
1008 3931 1061 3988 pro
1077 3907 1120 3974 ἐς.
1150 3910 1196 3972 of.
1212 3930 1304 3988 supra

123 4002 162 4062 ad
180 4001 269 4078 Pyth.
289 4001 333 4060 IV
354 4005 415 4064 127
436 4003 467 4061 et
485 4002 564 4061 infra
582 4003 621 4061 ad
640 4002 781 4064 Isthm.-I
799 4022 864 4080 sqq.

210 4091 262 4151 Vs.
284 4093 325 4150 74
348 4090 484 4152 πολλοῑε
507 4087 607 4166 εοφόε
631 4092 719 4153 δοκεῖ
741 4085 825 4152 πεδ’
849 4085 1041 4168 ἀφρόνων.
1078 4091 1153 4150 Cum
1180 4089 1297 4149 Tafelio

122 4182 207 4258 iungi
220 4200 279 4241 ιιοιι
292 4198 380 4257 possa
395 4175 620 4241 πολλοῑε·πεδ’
635 4175 791 4257 ἀφρόνων
805 4181 892 4256 hodie
906 4183 983 4242 latet
995 4182 1152 4241 neminem.
1177 4177 1299 4238 Bceckh

123 4273 153 4329 et
174 4270 283 4332 Dissen
304 4271 463 4347 iungentes
487 4267 588 4346 εοφὸε
610 4265 686 4331 πεδ’
708 4264 865 4347 ἀφρόνων
887 4271 1045 4347 falluntur,
1068 4269 1120 4327 ille
1144 4269 1298 4345 explicans

122 4362 226 4418 contra
249 4359 394 4419 sermonis
417 4361 645 4437 proprietatem,
669 4362 758 4437 apud
784 4363 933 4436 stultos,
956 4359 1004 4418 hic
1027 4359 1124 4417 inter
1150 4359 1303 4420 stultos.

122 4446 189 4506 λῙοιι
209 4450 384 4511 succedente
404 4449 664 4527 interpretatione,
687 4450 789 4526 Bergk
812 4449 965 4524 rescripsit
988 4447 1115 4524 τοφοῑε,
1139 4468 1199 4524 quo
1224 4448 1301 4506 nihil
