<?xml version="1.0" encoding="UTF-8"?>
<!DOCTYPE html PUBLIC "-//W3C//DTD XHTML 1.0 Transitional//EN"
    "http://www.w3.org/TR/xhtml1/DTD/xhtml1-transitional.dtd">
<html xmlns="http://www.w3.org/1999/xhtml" xml:lang="en" lang="en">
 <head>
  <title>
</title>
<meta http-equiv="Content-Type" content="text/html;charset=utf-8" />
  <meta name='ocr-system' content='tesseract 3.04.00' />
  <meta name='ocr-capabilities' content='ocr_page ocr_carea ocr_par ocr_line ocrx_word'/>
</head>
<body>
  <div class='ocr_page' id='page_1' title='image "./pindarica00herwgoog_0015.png"; bbox 0 0 2864 4958; ppageno 0'>
   <div class='ocr_carea' id='block_1_1' title="bbox 177 233 911 300">
    <p class='ocr_par' dir='ltr' id='par_1_1' title="bbox 177 233 911 300">
     <span class='ocr_line' id='line_1_1' title="bbox 177 233 911 300; baseline 0 -13"><span class='ocrx_word' id='word_1_1' title='bbox 177 237 218 300; x_wconf 89' lang='lat'>10</span> <span class='ocrx_word' id='word_1_2' title='bbox 604 234 638 288; x_wconf 90' lang='lat' dir='ltr'>H.</span> <span class='ocrx_word' id='word_1_3' title='bbox 658 250 713 288; x_wconf 86' lang='lat' dir='ltr'>van</span> <span class='ocrx_word' id='word_1_4' title='bbox 731 233 911 288; x_wconf 85' lang='lat' dir='ltr'>Herwerden:</span> 
     </span>
    </p>
   </div>
   <div class='ocr_carea' id='block_1_2' title="bbox 169 395 1352 4227">
    <p class='ocr_par' dir='ltr' id='par_1_2' title="bbox 174 395 1352 1014">
     <span class='ocr_line' id='line_1_2' title="bbox 267 395 1351 482; baseline 0.001 -18"><span class='ocrx_word' id='word_1_5' title='bbox 267 403 384 482; x_wconf 80' lang='lat' dir='ltr'>Olymp.</span> <span class='ocrx_word' id='word_1_6' title='bbox 402 404 446 462; x_wconf 92' lang='lat' dir='ltr'>IV</span> <span class='ocrx_word' id='word_1_7' title='bbox 466 406 505 463; x_wconf 92' lang='lat'>11</span> <span class='ocrx_word' id='word_1_8' title='bbox 531 397 749 479; x_wconf 75' lang='grc' dir='ltr'>χρονιώτατον</span> <span class='ocrx_word' id='word_1_9' title='bbox 774 395 860 477; x_wconf 89' lang='grc' dir='ltr'>φάος</span> <span class='ocrx_word' id='word_1_10' title='bbox 879 396 1096 477; x_wconf 88' lang='grc' dir='ltr'>εὐρυςθενὲων</span> <span class='ocrx_word' id='word_1_11' title='bbox 1115 395 1241 476; x_wconf 87' lang='grc' dir='ltr'>ἀρετάν.</span> <span class='ocrx_word' id='word_1_12' title='bbox 1269 404 1351 465; x_wconf 85' lang='lat' dir='ltr'>Male</span> 
     </span>
     <span class='ocr_line' id='line_1_3' title="bbox 175 487 1352 572; baseline 0 -19"><span class='ocrx_word' id='word_1_13' title='bbox 175 495 294 572; x_wconf 80' lang='lat' dir='ltr'>Merger</span> <span class='ocrx_word' id='word_1_14' title='bbox 317 487 391 552; x_wconf 75' lang='lat' dir='ltr'>‘den</span> <span class='ocrx_word' id='word_1_15' title='bbox 411 512 443 552; x_wconf 93' lang='lat' dir='ltr'>so</span> <span class='ocrx_word' id='word_1_16' title='bbox 467 496 535 569; x_wconf 75' lang='lat' dir='ltr'>sptt</span> <span class='ocrx_word' id='word_1_17' title='bbox 557 493 769 552; x_wconf 88' lang='lat' dir='ltr'>ersohienenen</span> <span class='ocrx_word' id='word_1_18' title='bbox 790 491 950 551; x_wconf 85' lang='lat' dir='ltr'>Aufstrehl</span> <span class='ocrx_word' id='word_1_19' title='bbox 973 491 1211 569; x_wconf 78' lang='lat' dir='ltr'>weitmtohtiger</span> <span class='ocrx_word' id='word_1_20' title='bbox 1230 493 1352 570; x_wconf 83' lang='lat' dir='ltr'>Tugen·</span> 
     </span>
     <span class='ocr_line' id='line_1_4' title="bbox 177 577 1352 658; baseline 0 -16"><span class='ocrx_word' id='word_1_21' title='bbox 177 577 258 644; x_wconf 92' lang='lat' dir='ltr'>den&#39;.</span> <span class='ocrx_word' id='word_1_22' title='bbox 295 584 386 644; x_wconf 90' lang='lat' dir='ltr'>Recte</span> <span class='ocrx_word' id='word_1_23' title='bbox 410 582 463 640; x_wconf 86' lang='lat' dir='ltr'>alii</span> <span class='ocrx_word' id='word_1_24' title='bbox 484 582 666 658; x_wconf 89' lang='lat' dir='ltr'>intellegunt</span> <span class='ocrx_word' id='word_1_25' title='bbox 689 581 725 640; x_wconf 90' lang='lat' dir='ltr'>de</span> <span class='ocrx_word' id='word_1_26' title='bbox 745 581 886 640; x_wconf 90' lang='lat' dir='ltr'>diuturna</span> <span class='ocrx_word' id='word_1_27' title='bbox 907 580 1004 656; x_wconf 89' lang='lat' dir='ltr'>gloria</span> <span class='ocrx_word' id='word_1_28' title='bbox 1028 600 1117 656; x_wconf 84' lang='lat' dir='ltr'>quem</span> <span class='ocrx_word' id='word_1_29' title='bbox 1135 585 1226 657; x_wconf 87' lang='lat' dir='ltr'>poete</span> <span class='ocrx_word' id='word_1_30' title='bbox 1245 583 1352 642; x_wconf 88' lang='lat' dir='ltr'>victori</span> 
     </span>
     <span class='ocr_line' id='line_1_5' title="bbox 175 665 1350 746; baseline 0 -14"><span class='ocrx_word' id='word_1_31' title='bbox 175 673 305 732; x_wconf 85' lang='lat' dir='ltr'>carmine</span> <span class='ocrx_word' id='word_1_32' title='bbox 325 690 378 731; x_wconf 91' lang='lat' dir='ltr'>suo</span> <span class='ocrx_word' id='word_1_33' title='bbox 397 671 496 731; x_wconf 87' lang='lat' dir='ltr'>donet.</span> <span class='ocrx_word' id='word_1_34' title='bbox 529 671 596 734; x_wconf 88' lang='lat' dir='ltr'>Non</span> <span class='ocrx_word' id='word_1_35' title='bbox 615 670 801 746; x_wconf 79' lang='lat' dir='ltr'>probabilius</span> <span class='ocrx_word' id='word_1_36' title='bbox 815 689 884 730; x_wconf 82' lang='lat' dir='ltr'>mox</span> <span class='ocrx_word' id='word_1_37' title='bbox 901 669 981 728; x_wconf 89' lang='lat' dir='ltr'>idem</span> <span class='ocrx_word' id='word_1_38' title='bbox 1000 665 1126 730; x_wconf 87' lang='grc' dir='ltr'>ςπεύδει</span> <span class='ocrx_word' id='word_1_39' title='bbox 1150 671 1263 730; x_wconf 89' lang='lat' dir='ltr'>dictum</span> <span class='ocrx_word' id='word_1_40' title='bbox 1282 690 1350 732; x_wconf 86' lang='lat' dir='ltr'>esse</span> 
     </span>
     <span class='ocr_line' id='line_1_6' title="bbox 174 755 1350 839; baseline 0.001 -19"><span class='ocrx_word' id='word_1_41' title='bbox 174 765 263 839; x_wconf 87' lang='lat' dir='ltr'>putat</span> <span class='ocrx_word' id='word_1_42' title='bbox 285 762 364 837; x_wconf 89' lang='lat' dir='ltr'>quod</span> <span class='ocrx_word' id='word_1_43' title='bbox 387 763 456 820; x_wconf 88' lang='lat' dir='ltr'>ante</span> <span class='ocrx_word' id='word_1_44' title='bbox 478 779 586 821; x_wconf 87' lang='lat' dir='ltr'>novem</span> <span class='ocrx_word' id='word_1_45' title='bbox 610 778 703 819; x_wconf 88' lang='lat' dir='ltr'>annos</span> <span class='ocrx_word' id='word_1_46' title='bbox 723 760 842 819; x_wconf 87' lang='lat' dir='ltr'>condita</span> <span class='ocrx_word' id='word_1_47' title='bbox 861 759 901 819; x_wconf 88' lang='lat' dir='ltr'>sit</span> <span class='ocrx_word' id='word_1_48' title='bbox 920 757 1086 818; x_wconf 79' lang='lat' dir='ltr'>Camarina.</span> <span class='ocrx_word' id='word_1_49' title='bbox 1120 755 1253 820; x_wconf 81' lang='grc' dir='ltr'>(πεύδει</span> <span class='ocrx_word' id='word_1_50' title='bbox 1272 762 1350 821; x_wconf 90' lang='lat' dir='ltr'>nihil</span> 
     </span>
     <span class='ocr_line' id='line_1_7' title="bbox 175 849 1350 926; baseline 0.001 -16"><span class='ocrx_word' id='word_1_51' title='bbox 175 850 256 910; x_wconf 82' lang='lat' dir='ltr'>uliud</span> <span class='ocrx_word' id='word_1_52' title='bbox 275 853 322 910; x_wconf 90' lang='lat' dir='ltr'>est</span> <span class='ocrx_word' id='word_1_53' title='bbox 341 869 430 926; x_wconf 84' lang='lat' dir='ltr'>quem</span> <span class='ocrx_word' id='word_1_54' title='bbox 450 850 581 910; x_wconf 88' lang='lat' dir='ltr'>studet</span> <span class='ocrx_word' id='word_1_55' title='bbox 614 849 678 919; x_wconf 81' lang='lat' dir='ltr'>Quo</span> <span class='ocrx_word' id='word_1_56' title='bbox 697 852 798 908; x_wconf 84' lang='lat' dir='ltr'>autem</span> <span class='ocrx_word' id='word_1_57' title='bbox 816 849 880 907; x_wconf 90' lang='lat' dir='ltr'>iure</span> <span class='ocrx_word' id='word_1_58' title='bbox 898 850 1021 907; x_wconf 87' lang='lat' dir='ltr'>tueatur</span> <span class='ocrx_word' id='word_1_59' title='bbox 1035 849 1146 924; x_wconf 91' lang='lat' dir='ltr'>optime</span> <span class='ocrx_word' id='word_1_60' title='bbox 1160 851 1293 925; x_wconf 89' lang='lat' dir='ltr'>spretam</span> <span class='ocrx_word' id='word_1_61' title='bbox 1309 851 1350 911; x_wconf 92' lang='lat' dir='ltr'>ab</span> 
     </span>
     <span class='ocr_line' id='line_1_8' title="bbox 176 931 1264 1014; baseline 0.002 -16"><span class='ocrx_word' id='word_1_62' title='bbox 176 939 313 999; x_wconf 91' lang='lat' dir='ltr'>omnibus</span> <span class='ocrx_word' id='word_1_63' title='bbox 333 939 496 998; x_wconf 73' lang='lat' dir='ltr'>editoribus</span> <span class='ocrx_word' id='word_1_64' title='bbox 514 939 673 998; x_wconf 87' lang='lat' dir='ltr'>lectionem</span> <span class='ocrx_word' id='word_1_65' title='bbox 692 931 823 997; x_wconf 90' lang='grc' dir='ltr'>ἀλικίαις</span> <span class='ocrx_word' id='word_1_66' title='bbox 841 957 896 1014; x_wconf 91' lang='lat' dir='ltr'>pro</span> <span class='ocrx_word' id='word_1_67' title='bbox 916 931 1045 1011; x_wconf 88' lang='grc' dir='ltr'>ἁλικίας,</span> <span class='ocrx_word' id='word_1_68' title='bbox 1064 938 1128 1014; x_wconf 90' lang='lat' dir='ltr'>ipse</span> <span class='ocrx_word' id='word_1_69' title='bbox 1147 937 1264 1000; x_wconf 84' lang='lat' dir='ltr'>viderit.</span> 
     </span>
    </p>

    <p class='ocr_par' dir='ltr' id='par_1_3' title="bbox 173 1021 1352 1460">
     <span class='ocr_line' id='line_1_9' title="bbox 264 1021 1349 1104; baseline 0 -16"><span class='ocrx_word' id='word_1_70' title='bbox 264 1028 381 1104; x_wconf 88' lang='lat' dir='ltr'>Olymp.</span> <span class='ocrx_word' id='word_1_71' title='bbox 400 1028 428 1085; x_wconf 88' lang='lat' dir='ltr'>V</span> <span class='ocrx_word' id='word_1_72' title='bbox 451 1031 491 1088; x_wconf 92' lang='lat'>10</span> <span class='ocrx_word' id='word_1_73' title='bbox 515 1022 667 1087; x_wconf 82' lang='grc' dir='ltr'>ἀείδει.</span> <span class='ocrx_word' id='word_1_74' title='bbox 705 1021 848 1086; x_wconf 76' lang='lat' dir='ltr'>‘Carmen</span> <span class='ocrx_word' id='word_1_75' title='bbox 871 1026 1029 1102; x_wconf 91' lang='lat' dir='ltr'>epinioium</span> <span class='ocrx_word' id='word_1_76' title='bbox 1051 1028 1140 1087; x_wconf 83' lang='lat' dir='ltr'>affert</span> <span class='ocrx_word' id='word_1_77' title='bbox 1167 1023 1349 1088; x_wconf 89' lang='lat' dir='ltr'>canendum’</span> 
     </span>
     <span class='ocr_line' id='line_1_10' title="bbox 173 1115 1352 1193; baseline 0.002 -17"><span class='ocrx_word' id='word_1_78' title='bbox 173 1118 290 1178; x_wconf 88' lang='lat' dir='ltr'>Dissen.</span> <span class='ocrx_word' id='word_1_79' title='bbox 326 1116 466 1176; x_wconf 84' lang='lat' dir='ltr'>inaudite</span> <span class='ocrx_word' id='word_1_80' title='bbox 493 1117 567 1176; x_wconf 86' lang='lat' dir='ltr'>haec</span> <span class='ocrx_word' id='word_1_81' title='bbox 591 1117 676 1176; x_wconf 82' lang='lat' dir='ltr'>verbi</span> <span class='ocrx_word' id='word_1_82' title='bbox 704 1117 848 1192; x_wconf 85' lang='lat' dir='ltr'>potestas.</span> <span class='ocrx_word' id='word_1_83' title='bbox 888 1115 1011 1174; x_wconf 88' lang='lat' dir='ltr'>Dudum</span> <span class='ocrx_word' id='word_1_84' title='bbox 1038 1120 1189 1193; x_wconf 73' lang='lat' dir='ltr'>receptam</span> <span class='ocrx_word' id='word_1_85' title='bbox 1216 1120 1352 1193; x_wconf 90' lang='lat' dir='ltr'>oportuit</span> 
     </span>
     <span class='ocr_line' id='line_1_11' title="bbox 175 1200 1352 1268; baseline 0.002 -2"><span class='ocrx_word' id='word_1_86' title='bbox 175 1206 429 1267; x_wconf 84' lang='lat' dir='ltr'>evidentissimam</span> <span class='ocrx_word' id='word_1_87' title='bbox 451 1205 581 1265; x_wconf 78' lang='lat' dir='ltr'>Heolreri</span> <span class='ocrx_word' id='word_1_88' title='bbox 610 1205 846 1265; x_wconf 87' lang='lat' dir='ltr'>emendationem</span> <span class='ocrx_word' id='word_1_89' title='bbox 874 1200 983 1266; x_wconf 79' lang='grc' dir='ltr'>ἀέξει.</span> <span class='ocrx_word' id='word_1_90' title='bbox 1023 1205 1124 1264; x_wconf 80' lang='lat' dir='ltr'>Etiam</span> <span class='ocrx_word' id='word_1_91' title='bbox 1148 1207 1244 1265; x_wconf 90' lang='lat' dir='ltr'>lenius</span> <span class='ocrx_word' id='word_1_92' title='bbox 1272 1209 1352 1268; x_wconf 91' lang='lat' dir='ltr'>foret</span> 
     </span>
     <span class='ocr_line' id='line_1_12' title="bbox 174 1291 1352 1374; baseline 0.001 -19"><span class='ocrx_word' id='word_1_93' title='bbox 174 1291 311 1370; x_wconf 81' lang='grc' dir='ltr'>ἀείρει,</span> <span class='ocrx_word' id='word_1_94' title='bbox 327 1296 380 1354; x_wconf 91' lang='lat' dir='ltr'>sed</span> <span class='ocrx_word' id='word_1_95' title='bbox 393 1296 449 1353; x_wconf 89' lang='lat' dir='ltr'>hoc</span> <span class='ocrx_word' id='word_1_96' title='bbox 462 1295 598 1374; x_wconf 85' lang='lat' dir='ltr'>verbum,</span> <span class='ocrx_word' id='word_1_97' title='bbox 609 1295 650 1354; x_wconf 91' lang='lat' dir='ltr'>sio</span> <span class='ocrx_word' id='word_1_98' title='bbox 665 1295 801 1355; x_wconf 87' lang='lat' dir='ltr'>absolute</span> <span class='ocrx_word' id='word_1_99' title='bbox 813 1294 955 1370; x_wconf 86' lang='lat' dir='ltr'>positum,</span> <span class='ocrx_word' id='word_1_100' title='bbox 964 1294 1166 1371; x_wconf 86' lang='lat' dir='ltr'>metaphorice</span> <span class='ocrx_word' id='word_1_101' title='bbox 1181 1297 1352 1356; x_wconf 89' lang='lat' dir='ltr'>celebrandi</span> 
     </span>
     <span class='ocr_line' id='line_1_13' title="bbox 174 1384 643 1460; baseline 0.006 -16"><span class='ocrx_word' id='word_1_102' title='bbox 174 1403 265 1444; x_wconf 89' lang='lat' dir='ltr'>sensu</span> <span class='ocrx_word' id='word_1_103' title='bbox 283 1384 421 1460; x_wconf 85' lang='lat' dir='ltr'>usurpari</span> <span class='ocrx_word' id='word_1_104' title='bbox 438 1403 498 1444; x_wconf 94' lang='lat' dir='ltr'>non</span> <span class='ocrx_word' id='word_1_105' title='bbox 516 1385 643 1446; x_wconf 85' lang='lat' dir='ltr'>ridetur.</span> 
     </span>
    </p>

    <p class='ocr_par' dir='ltr' id='par_1_4' title="bbox 171 1465 1352 2091">
     <span class='ocr_line' id='line_1_14' title="bbox 265 1465 1351 1551; baseline 0.004 -19"><span class='ocrx_word' id='word_1_106' title='bbox 265 1471 382 1551; x_wconf 88' lang='lat' dir='ltr'>Olymp.</span> <span class='ocrx_word' id='word_1_107' title='bbox 395 1471 440 1531; x_wconf 90' lang='lat' dir='ltr'>VI</span> <span class='ocrx_word' id='word_1_108' title='bbox 456 1476 485 1533; x_wconf 88' lang='lat'>8.</span> <span class='ocrx_word' id='word_1_109' title='bbox 508 1469 686 1547; x_wconf 85' lang='grc' dir='ltr'>ἑπικύρςαις</span> <span class='ocrx_word' id='word_1_110' title='bbox 705 1465 860 1548; x_wconf 86' lang='grc' dir='ltr'>ἀφθόνων</span> <span class='ocrx_word' id='word_1_111' title='bbox 880 1465 983 1534; x_wconf 85' lang='grc' dir='ltr'>ἀετῶν</span> <span class='ocrx_word' id='word_1_112' title='bbox 1002 1469 1038 1534; x_wconf 82' lang='grc' dir='ltr'>ἐν</span> <span class='ocrx_word' id='word_1_113' title='bbox 1056 1468 1197 1548; x_wconf 81' lang='grc' dir='ltr'>ἱμερταῖς</span> <span class='ocrx_word' id='word_1_114' title='bbox 1216 1467 1351 1536; x_wconf 84' lang='grc' dir='ltr'>ἀοιδαῖς.</span> 
     </span>
     <span class='ocr_line' id='line_1_15' title="bbox 172 1557 1352 1642; baseline 0.001 -19"><span class='ocrx_word' id='word_1_115' title='bbox 172 1563 202 1623; x_wconf 87' lang='grc' dir='ltr'>Ν</span> <span class='ocrx_word' id='word_1_116' title='bbox 203 1583 241 1622; x_wconf 92' lang='lat' dir='ltr'>on</span> <span class='ocrx_word' id='word_1_117' title='bbox 254 1564 336 1622; x_wconf 91' lang='lat' dir='ltr'>recte</span> <span class='ocrx_word' id='word_1_118' title='bbox 353 1562 533 1638; x_wconf 87' lang='lat' dir='ltr'>interpretes</span> <span class='ocrx_word' id='word_1_119' title='bbox 553 1563 678 1639; x_wconf 89' lang='lat' dir='ltr'>iungere</span> <span class='ocrx_word' id='word_1_120' title='bbox 697 1562 838 1622; x_wconf 87' lang='lat' dir='ltr'>videntur</span> <span class='ocrx_word' id='word_1_121' title='bbox 856 1557 1034 1636; x_wconf 84' lang='grc' dir='ltr'>ἑπικιίρςαις</span> <span class='ocrx_word' id='word_1_122' title='bbox 1053 1559 1089 1622; x_wconf 86' lang='grc' dir='ltr'>έν</span> <span class='ocrx_word' id='word_1_123' title='bbox 1108 1557 1241 1638; x_wconf 84' lang='grc' dir='ltr'>ἀοιδαῖς,</span> <span class='ocrx_word' id='word_1_124' title='bbox 1260 1563 1352 1642; x_wconf 90' lang='lat' dir='ltr'>siqui-</span> 
     </span>
     <span class='ocr_line' id='line_1_16' title="bbox 174 1645 1350 1732; baseline 0.002 -20"><span class='ocrx_word' id='word_1_125' title='bbox 174 1654 242 1712; x_wconf 86' lang='lat' dir='ltr'>dem</span> <span class='ocrx_word' id='word_1_126' title='bbox 265 1652 428 1711; x_wconf 88' lang='lat' dir='ltr'>incidere</span> <span class='ocrx_word' id='word_1_127' title='bbox 451 1652 486 1710; x_wconf 93' lang='lat' dir='ltr'>in</span> <span class='ocrx_word' id='word_1_128' title='bbox 512 1645 569 1731; x_wconf 92' lang='lat' dir='ltr'>(sio</span> <span class='ocrx_word' id='word_1_129' title='bbox 592 1653 670 1712; x_wconf 87' lang='lat' dir='ltr'>enim</span> <span class='ocrx_word' id='word_1_130' title='bbox 693 1645 829 1732; x_wconf 86' lang='lat' dir='ltr'>vertunt)</span> <span class='ocrx_word' id='word_1_131' title='bbox 853 1652 964 1711; x_wconf 83' lang='lat' dir='ltr'>Graece</span> <span class='ocrx_word' id='word_1_132' title='bbox 988 1655 1075 1712; x_wconf 87' lang='lat' dir='ltr'>sonet</span> <span class='ocrx_word' id='word_1_133' title='bbox 1096 1648 1257 1726; x_wconf 86' lang='grc' dir='ltr'>έπικυρεῑν</span> <span class='ocrx_word' id='word_1_134' title='bbox 1279 1671 1350 1730; x_wconf 91' lang='grc' dir='ltr'>τινι,</span> 
     </span>
     <span class='ocr_line' id='line_1_17' title="bbox 174 1734 1349 1831; baseline 0.004 -31"><span class='ocrx_word' id='word_1_135' title='bbox 174 1761 233 1800; x_wconf 92' lang='lat' dir='ltr'>non</span> <span class='ocrx_word' id='word_1_136' title='bbox 252 1735 288 1802; x_wconf 80' lang='grc' dir='ltr'>έν</span> <span class='ocrx_word' id='word_1_137' title='bbox 307 1755 381 1831; x_wconf 85' lang='grc' dir='ltr'>τινι,</span> <span class='ocrx_word' id='word_1_138' title='bbox 403 1741 568 1803; x_wconf 89' lang='lat' dir='ltr'>nancisci</span> <span class='ocrx_word' id='word_1_139' title='bbox 586 1761 657 1802; x_wconf 88' lang='lat' dir='ltr'>vero</span> <span class='ocrx_word' id='word_1_140' title='bbox 676 1744 723 1801; x_wconf 90' lang='lat' dir='ltr'>est</span> <span class='ocrx_word' id='word_1_141' title='bbox 741 1737 902 1816; x_wconf 84' lang='grc' dir='ltr'>ἑπικυρεῑν</span> <span class='ocrx_word' id='word_1_142' title='bbox 921 1734 978 1823; x_wconf 88' lang='lat'>(=</span> <span class='ocrx_word' id='word_1_143' title='bbox 997 1734 1234 1823; x_wconf 81' lang='grc' dir='ltr'>ἐπιτυγχάνειν)</span> <span class='ocrx_word' id='word_1_144' title='bbox 1254 1738 1349 1805; x_wconf 86' lang='grc' dir='ltr'>τινός.</span> 
     </span>
     <span class='ocr_line' id='line_1_18' title="bbox 171 1826 1351 1908; baseline 0.002 -18"><span class='ocrx_word' id='word_1_145' title='bbox 171 1830 251 1890; x_wconf 90' lang='lat' dir='ltr'>Hinc</span> <span class='ocrx_word' id='word_1_146' title='bbox 273 1830 363 1890; x_wconf 93' lang='lat' dir='ltr'>oredo</span> <span class='ocrx_word' id='word_1_147' title='bbox 385 1830 569 1905; x_wconf 89' lang='lat' dir='ltr'>iungendum</span> <span class='ocrx_word' id='word_1_148' title='bbox 593 1851 659 1891; x_wconf 90' lang='lat' dir='ltr'>esse</span> <span class='ocrx_word' id='word_1_149' title='bbox 684 1826 862 1905; x_wconf 64' lang='lat' dir='ltr'>interipsum</span> <span class='ocrx_word' id='word_1_150' title='bbox 886 1850 954 1890; x_wconf 94' lang='lat' dir='ltr'>oum</span> <span class='ocrx_word' id='word_1_151' title='bbox 977 1832 1112 1907; x_wconf 89' lang='lat' dir='ltr'>sequenti</span> <span class='ocrx_word' id='word_1_152' title='bbox 1135 1832 1286 1908; x_wconf 84' lang='lat' dir='ltr'>genetivo,</span> <span class='ocrx_word' id='word_1_153' title='bbox 1316 1837 1351 1892; x_wconf 90' lang='lat' dir='ltr'>ut</span> 
     </span>
     <span class='ocr_line' id='line_1_19' title="bbox 172 1913 1350 1996; baseline 0.003 -17"><span class='ocrx_word' id='word_1_154' title='bbox 172 1920 265 1980; x_wconf 87' lang='lat' dir='ltr'>verba</span> <span class='ocrx_word' id='word_1_155' title='bbox 289 1916 325 1979; x_wconf 87' lang='grc' dir='ltr'>έν</span> <span class='ocrx_word' id='word_1_156' title='bbox 349 1952 391 1960; x_wconf 96' lang='grc'>-</span> <span class='ocrx_word' id='word_1_157' title='bbox 415 1913 540 1980; x_wconf 85' lang='grc' dir='ltr'>ἀοιδαῖς</span> <span class='ocrx_word' id='word_1_158' title='bbox 564 1940 709 1996; x_wconf 85' lang='lat' dir='ltr'>suspensa</span> <span class='ocrx_word' id='word_1_159' title='bbox 733 1921 794 1979; x_wconf 92' lang='lat' dir='ltr'>sint</span> <span class='ocrx_word' id='word_1_160' title='bbox 816 1940 852 1979; x_wconf 86' lang='lat' dir='ltr'>ex</span> <span class='ocrx_word' id='word_1_161' title='bbox 879 1914 1048 1996; x_wconf 56' lang='grc' dir='ltr'>ἀφθόνων,</span> <span class='ocrx_word' id='word_1_162' title='bbox 1085 1920 1191 1980; x_wconf 86' lang='lat' dir='ltr'>Verto:</span> <span class='ocrx_word' id='word_1_163' title='bbox 1218 1925 1350 1982; x_wconf 84' lang='lat' dir='ltr'>noctus</span> 
     </span>
     <span class='ocr_line' id='line_1_20' title="bbox 172 2001 1140 2091; baseline 0.001 -23"><span class='ocrx_word' id='word_1_164' title='bbox 172 2009 272 2070; x_wconf 85' lang='lat' dir='ltr'>cives</span> <span class='ocrx_word' id='word_1_165' title='bbox 291 2029 360 2068; x_wconf 93' lang='lat' dir='ltr'>non</span> <span class='ocrx_word' id='word_1_166' title='bbox 378 2009 520 2069; x_wconf 88' lang='lat' dir='ltr'>invidos</span> <span class='ocrx_word' id='word_1_167' title='bbox 541 2001 702 2091; x_wconf 74' lang='lat' dir='ltr'>(copiosos)</span> <span class='ocrx_word' id='word_1_168' title='bbox 721 2010 758 2068; x_wconf 92' lang='lat' dir='ltr'>in</span> <span class='ocrx_word' id='word_1_169' title='bbox 775 2010 944 2070; x_wconf 82' lang='lat' dir='ltr'>centibus</span> <span class='ocrx_word' id='word_1_170' title='bbox 963 2009 1140 2069; x_wconf 81' lang='lat' dir='ltr'>ineundis.</span> 
     </span>
    </p>

    <p class='ocr_par' dir='ltr' id='par_1_5' title="bbox 171 2090 1351 2619">
     <span class='ocr_line' id='line_1_21' title="bbox 261 2090 1348 2178; baseline 0.004 -22"><span class='ocrx_word' id='word_1_171' title='bbox 261 2099 313 2160; x_wconf 90' lang='lat' dir='ltr'>Vs.</span> <span class='ocrx_word' id='word_1_172' title='bbox 336 2101 374 2157; x_wconf 80' lang='lat'>12</span> <span class='ocrx_word' id='word_1_173' title='bbox 394 2091 533 2174; x_wconf 88' lang='grc' dir='ltr'>Ἀγηςία,</span> <span class='ocrx_word' id='word_1_174' title='bbox 553 2096 601 2158; x_wconf 88' lang='grc' dir='ltr'>τὶν</span> <span class='ocrx_word' id='word_1_175' title='bbox 617 2093 645 2157; x_wconf 52' lang='grc' dir='ltr'>δ)</span> <span class='ocrx_word' id='word_1_176' title='bbox 659 2094 749 2159; x_wconf 81' lang='grc' dir='ltr'>αἶνος</span> <span class='ocrx_word' id='word_1_177' title='bbox 769 2094 903 2173; x_wconf 87' lang='grc' dir='ltr'>ἑτοῖμος,</span> <span class='ocrx_word' id='word_1_178' title='bbox 919 2095 957 2158; x_wconf 90' lang='grc' dir='ltr'>δν</span> <span class='ocrx_word' id='word_1_179' title='bbox 976 2095 1017 2158; x_wconf 86' lang='grc' dir='ltr'>ἐν</span> <span class='ocrx_word' id='word_1_180' title='bbox 1036 2095 1120 2177; x_wconf 82' lang='grc' dir='ltr'>δίκᾳ</span> <span class='ocrx_word' id='word_1_181' title='bbox 1140 2090 1145 2178; x_wconf 82' lang='grc' dir='ltr'>Ι</span> <span class='ocrx_word' id='word_1_182' title='bbox 1165 2092 1230 2158; x_wconf 89' lang='grc' dir='ltr'>ἀπὸ</span> <span class='ocrx_word' id='word_1_183' title='bbox 1245 2095 1348 2172; x_wconf 89' lang='grc' dir='ltr'>γλώς-</span> 
     </span>
     <span class='ocr_line' id='line_1_22' title="bbox 173 2180 1350 2265; baseline 0.003 -19"><span class='ocrx_word' id='word_1_184' title='bbox 173 2203 228 2246; x_wconf 90' lang='grc' dir='ltr'>ςας</span> <span class='ocrx_word' id='word_1_185' title='bbox 246 2182 420 2262; x_wconf 87' lang='grc' dir='ltr'>Ἄδραετος</span> <span class='ocrx_word' id='word_1_186' title='bbox 439 2183 551 2263; x_wconf 84' lang='grc' dir='ltr'>μάντιν</span> <span class='ocrx_word' id='word_1_187' title='bbox 570 2184 737 2249; x_wconf 87' lang='grc' dir='ltr'>Οἰκλείδαν</span> <span class='ocrx_word' id='word_1_188' title='bbox 759 2219 796 2228; x_wconf 93' lang='grc'><strong>-</strong></span> <span class='ocrx_word' id='word_1_189' title='bbox 818 2180 981 2263; x_wconf 75' lang='grc' dir='ltr'>φθέγξατ’.</span> <span class='ocrx_word' id='word_1_190' title='bbox 1024 2188 1093 2247; x_wconf 89' lang='lat' dir='ltr'>Non</span> <span class='ocrx_word' id='word_1_191' title='bbox 1112 2188 1196 2248; x_wconf 85' lang='lat' dir='ltr'>video</span> <span class='ocrx_word' id='word_1_192' title='bbox 1215 2189 1287 2265; x_wconf 92' lang='lat' dir='ltr'>quid</span> <span class='ocrx_word' id='word_1_193' title='bbox 1306 2192 1350 2249; x_wconf 90' lang='lat' dir='ltr'>lu-</span> 
     </span>
     <span class='ocr_line' id='line_1_23' title="bbox 171 2266 1351 2353; baseline 0.003 -18"><span class='ocrx_word' id='word_1_194' title='bbox 171 2266 289 2336; x_wconf 85' lang='lat' dir='ltr'>cremur</span> <span class='ocrx_word' id='word_1_195' title='bbox 311 2276 483 2352; x_wconf 84' lang='lat' dir='ltr'>Bergkiena</span> <span class='ocrx_word' id='word_1_196' title='bbox 506 2278 674 2337; x_wconf 84' lang='lat' dir='ltr'>coniectura</span> <span class='ocrx_word' id='word_1_197' title='bbox 702 2271 767 2337; x_wconf 88' lang='grc' dir='ltr'>ἀπὸ</span> <span class='ocrx_word' id='word_1_198' title='bbox 790 2273 933 2349; x_wconf 87' lang='grc' dir='ltr'>γλώςςας</span> <span class='ocrx_word' id='word_1_199' title='bbox 951 2271 983 2335; x_wconf 88' lang='grc' dir='ltr'>τ’</span> <span class='ocrx_word' id='word_1_200' title='bbox 1001 2270 1185 2351; x_wconf 87' lang='grc' dir='ltr'>Ἀδράςτου,</span> <span class='ocrx_word' id='word_1_201' title='bbox 1214 2279 1284 2353; x_wconf 88' lang='lat' dir='ltr'>quia</span> <span class='ocrx_word' id='word_1_202' title='bbox 1307 2279 1351 2339; x_wconf 91' lang='lat' dir='ltr'>sic</span> 
     </span>
     <span class='ocr_line' id='line_1_24' title="bbox 172 2361 1349 2442; baseline 0.004 -18"><span class='ocrx_word' id='word_1_203' title='bbox 172 2365 328 2424; x_wconf 87' lang='lat' dir='ltr'>scribendo</span> <span class='ocrx_word' id='word_1_204' title='bbox 353 2384 413 2425; x_wconf 91' lang='lat' dir='ltr'>non</span> <span class='ocrx_word' id='word_1_205' title='bbox 438 2369 566 2442; x_wconf 87' lang='lat' dir='ltr'>augetur</span> <span class='ocrx_word' id='word_1_206' title='bbox 584 2366 629 2427; x_wconf 86' lang='lat' dir='ltr'>vis</span> <span class='ocrx_word' id='word_1_207' title='bbox 648 2367 808 2426; x_wconf 86' lang='lat' dir='ltr'>verborum</span> <span class='ocrx_word' id='word_1_208' title='bbox 828 2366 901 2427; x_wconf 86' lang='lat' dir='ltr'>setis</span> <span class='ocrx_word' id='word_1_209' title='bbox 921 2366 1085 2427; x_wconf 89' lang='lat' dir='ltr'>otiosorum</span> <span class='ocrx_word' id='word_1_210' title='bbox 1109 2361 1174 2425; x_wconf 87' lang='grc' dir='ltr'>ἀπὸ</span> <span class='ocrx_word' id='word_1_211' title='bbox 1197 2362 1349 2439; x_wconf 87' lang='grc' dir='ltr'>γλώςςας.</span> 
     </span>
     <span class='ocr_line' id='line_1_25' title="bbox 172 2450 1349 2534; baseline 0.004 -22"><span class='ocrx_word' id='word_1_212' title='bbox 172 2454 270 2524; x_wconf 80' lang='lat' dir='ltr'>Quare</span> <span class='ocrx_word' id='word_1_213' title='bbox 298 2455 398 2530; x_wconf 89' lang='lat' dir='ltr'>potius</span> <span class='ocrx_word' id='word_1_214' title='bbox 423 2457 476 2514; x_wconf 85' lang='lat' dir='ltr'>aut</span> <span class='ocrx_word' id='word_1_215' title='bbox 502 2474 569 2514; x_wconf 90' lang='lat' dir='ltr'>oum</span> <span class='ocrx_word' id='word_1_216' title='bbox 593 2456 729 2516; x_wconf 88' lang='lat' dir='ltr'>Heokero</span> <span class='ocrx_word' id='word_1_217' title='bbox 753 2456 923 2532; x_wconf 77' lang='lat' dir='ltr'>scripserim</span> <span class='ocrx_word' id='word_1_218' title='bbox 951 2450 1015 2515; x_wconf 89' lang='grc' dir='ltr'>ἀπὸ</span> <span class='ocrx_word' id='word_1_219' title='bbox 1043 2452 1185 2531; x_wconf 88' lang='grc' dir='ltr'>γνώμας,</span> <span class='ocrx_word' id='word_1_220' title='bbox 1209 2459 1262 2516; x_wconf 88' lang='lat' dir='ltr'>aut</span> <span class='ocrx_word' id='word_1_221' title='bbox 1284 2459 1349 2534; x_wconf 87' lang='lat' dir='ltr'>ipse</span> 
     </span>
     <span class='ocr_line' id='line_1_26' title="bbox 173 2539 924 2619; baseline 0.004 -17"><span class='ocrx_word' id='word_1_222' title='bbox 173 2543 366 2603; x_wconf 83' lang='lat' dir='ltr'>correxerim:</span> <span class='ocrx_word' id='word_1_223' title='bbox 385 2540 424 2604; x_wconf 90' lang='grc' dir='ltr'>ὃν</span> <span class='ocrx_word' id='word_1_224' title='bbox 443 2540 596 2604; x_wconf 80' lang='grc' dir='ltr'>ἐνδίκου</span> <span class='ocrx_word' id='word_1_225' title='bbox 617 2539 681 2605; x_wconf 93' lang='grc' dir='ltr'>άπὸ</span> <span class='ocrx_word' id='word_1_226' title='bbox 701 2540 843 2619; x_wconf 88' lang='grc' dir='ltr'>γλῶςςας</span> <span class='ocrx_word' id='word_1_227' title='bbox 861 2541 924 2614; x_wconf 85' lang='grc' dir='ltr'>κτὲ.</span> 
     </span>
    </p>

    <p class='ocr_par' dir='ltr' id='par_1_6' title="bbox 169 2628 1350 3692">
     <span class='ocr_line' id='line_1_27' title="bbox 259 2628 1350 2718; baseline 0.005 -29"><span class='ocrx_word' id='word_1_228' title='bbox 259 2633 312 2694; x_wconf 84' lang='lat' dir='ltr'>Vs.</span> <span class='ocrx_word' id='word_1_229' title='bbox 337 2635 377 2693; x_wconf 83' lang='lat'>15</span> <span class='ocrx_word' id='word_1_230' title='bbox 407 2629 488 2692; x_wconf 89' lang='grc' dir='ltr'>ἑπτά</span> <span class='ocrx_word' id='word_1_231' title='bbox 512 2628 540 2692; x_wconf 83' lang='grc' dir='ltr'>δ’</span> <span class='ocrx_word' id='word_1_232' title='bbox 562 2629 673 2694; x_wconf 82' lang='grc' dir='ltr'>ἔπειτα</span> <span class='ocrx_word' id='word_1_233' title='bbox 701 2633 806 2708; x_wconf 89' lang='grc' dir='ltr'>πυράν</span> <span class='ocrx_word' id='word_1_234' title='bbox 835 2633 958 2708; x_wconf 83' lang='grc' dir='ltr'>νεκρῶν</span> <span class='ocrx_word' id='word_1_235' title='bbox 985 2631 1259 2718; x_wconf 82' lang='grc' dir='ltr'>τελεςθέντων.</span> <span class='ocrx_word' id='word_1_236' title='bbox 1301 2635 1350 2695; x_wconf 87' lang='lat' dir='ltr'>Ite</span> 
     </span>
     <span class='ocr_line' id='line_1_28' title="bbox 171 2721 1349 2798; baseline 0.003 -17"><span class='ocrx_word' id='word_1_237' title='bbox 171 2721 242 2797; x_wconf 85' lang='lat' dir='ltr'>libri</span> <span class='ocrx_word' id='word_1_238' title='bbox 260 2740 372 2797; x_wconf 82' lang='lat' dir='ltr'>omnes,</span> <span class='ocrx_word' id='word_1_239' title='bbox 390 2741 445 2781; x_wconf 92' lang='lat' dir='ltr'>nec</span> <span class='ocrx_word' id='word_1_240' title='bbox 463 2723 621 2798; x_wconf 84' lang='lat' dir='ltr'>quicquum</span> <span class='ocrx_word' id='word_1_241' title='bbox 640 2723 722 2782; x_wconf 84' lang='lat' dir='ltr'>uliud</span> <span class='ocrx_word' id='word_1_242' title='bbox 741 2723 850 2798; x_wconf 83' lang='lat' dir='ltr'>legisse</span> <span class='ocrx_word' id='word_1_243' title='bbox 869 2726 985 2783; x_wconf 90' lang='lat' dir='ltr'>veteres</span> <span class='ocrx_word' id='word_1_244' title='bbox 1005 2723 1184 2798; x_wconf 89' lang='lat' dir='ltr'>interpretes</span> <span class='ocrx_word' id='word_1_245' title='bbox 1200 2724 1298 2784; x_wconf 90' lang='lat' dir='ltr'>sobrio</span> <span class='ocrx_word' id='word_1_246' title='bbox 1319 2728 1349 2784; x_wconf 89' lang='lat' dir='ltr'>et</span> 
     </span>
     <span class='ocr_line' id='line_1_29' title="bbox 173 2810 1348 2888; baseline 0.003 -19"><span class='ocrx_word' id='word_1_247' title='bbox 173 2810 386 2886; x_wconf 84' lang='lat' dir='ltr'>circumspecto</span> <span class='ocrx_word' id='word_1_248' title='bbox 405 2811 512 2871; x_wconf 92' lang='lat' dir='ltr'>iudicio</span> <span class='ocrx_word' id='word_1_249' title='bbox 531 2831 603 2871; x_wconf 90' lang='lat' dir='ltr'>usus</span> <span class='ocrx_word' id='word_1_250' title='bbox 622 2812 745 2888; x_wconf 85' lang='lat' dir='ltr'>agnovit</span> <span class='ocrx_word' id='word_1_251' title='bbox 763 2813 921 2888; x_wconf 85' lang='lat' dir='ltr'>Bergkius.</span> <span class='ocrx_word' id='word_1_252' title='bbox 958 2812 1062 2871; x_wconf 88' lang='lat' dir='ltr'>Nubes</span> <span class='ocrx_word' id='word_1_253' title='bbox 1082 2815 1128 2871; x_wconf 93' lang='lat' dir='ltr'>est</span> <span class='ocrx_word' id='word_1_254' title='bbox 1145 2813 1176 2870; x_wconf 90' lang='lat' dir='ltr'>in</span> <span class='ocrx_word' id='word_1_255' title='bbox 1194 2813 1223 2870; x_wconf 88' lang='lat' dir='ltr'>h.</span> <span class='ocrx_word' id='word_1_256' title='bbox 1242 2813 1262 2874; x_wconf 91' lang='lat' dir='ltr'>l.</span> <span class='ocrx_word' id='word_1_257' title='bbox 1281 2832 1348 2872; x_wconf 91' lang='lat' dir='ltr'>con-</span> 
     </span>
     <span class='ocr_line' id='line_1_30' title="bbox 174 2896 1347 2979; baseline 0.003 -21"><span class='ocrx_word' id='word_1_258' title='bbox 174 2901 368 2959; x_wconf 82' lang='lat' dir='ltr'>tecturarum:</span> <span class='ocrx_word' id='word_1_259' title='bbox 387 2898 599 2975; x_wconf 89' lang='grc' dir='ltr'>τελεςθειςῶν,</span> <span class='ocrx_word' id='word_1_260' title='bbox 615 2902 757 2979; x_wconf 83' lang='grc' dir='ltr'>πυρᾷ-</span> <span class='ocrx_word' id='word_1_261' title='bbox 773 2899 996 2975; x_wconf 88' lang='grc' dir='ltr'>τελεςθέντων,</span> <span class='ocrx_word' id='word_1_262' title='bbox 1016 2897 1248 2979; x_wconf 86' lang='grc' dir='ltr'>πελαςθέντων,</span> <span class='ocrx_word' id='word_1_263' title='bbox 1268 2896 1347 2976; x_wconf 89' lang='grc' dir='ltr'>ἀμα-</span> 
     </span>
     <span class='ocr_line' id='line_1_31' title="bbox 172 2985 1348 3070; baseline 0 -20"><span class='ocrx_word' id='word_1_264' title='bbox 172 2985 304 3064; x_wconf 89' lang='grc' dir='ltr'>θέντων,</span> <span class='ocrx_word' id='word_1_265' title='bbox 323 2985 534 3069; x_wconf 82' lang='grc' dir='ltr'>ἑταεθέντων,</span> <span class='ocrx_word' id='word_1_266' title='bbox 553 2985 584 3049; x_wconf 78' lang='grc' dir='ltr'>τ’</span> <span class='ocrx_word' id='word_1_267' title='bbox 603 2987 807 3070; x_wconf 82' lang='grc' dir='ltr'>ἐδεςθέντων,</span> <span class='ocrx_word' id='word_1_268' title='bbox 825 3008 860 3051; x_wconf 94' lang='grc' dir='ltr'>τε</span> <span class='ocrx_word' id='word_1_269' title='bbox 880 2988 1073 3066; x_wconf 88' lang='grc' dir='ltr'>νηςθέντων,</span> <span class='ocrx_word' id='word_1_270' title='bbox 1093 3009 1205 3066; x_wconf 87' lang='lat' dir='ltr'>exque</span> <span class='ocrx_word' id='word_1_271' title='bbox 1224 3011 1348 3051; x_wconf 91' lang='lat' dir='ltr'>numero</span> 
     </span>
     <span class='ocr_line' id='line_1_32' title="bbox 172 3077 1349 3158; baseline 0.003 -21"><span class='ocrx_word' id='word_1_272' title='bbox 172 3079 249 3137; x_wconf 87' lang='lat' dir='ltr'>duae</span> <span class='ocrx_word' id='word_1_273' title='bbox 273 3081 393 3138; x_wconf 89' lang='lat' dir='ltr'>tantum</span> <span class='ocrx_word' id='word_1_274' title='bbox 416 3080 540 3138; x_wconf 84' lang='lat' dir='ltr'>ultimae</span> <span class='ocrx_word' id='word_1_275' title='bbox 565 3077 703 3158; x_wconf 86' lang='lat' dir='ltr'>(Bergkii</span> <span class='ocrx_word' id='word_1_276' title='bbox 727 3082 774 3139; x_wconf 90' lang='lat' dir='ltr'>est</span> <span class='ocrx_word' id='word_1_277' title='bbox 796 3077 949 3157; x_wconf 86' lang='lat' dir='ltr'>utraque),</span> <span class='ocrx_word' id='word_1_278' title='bbox 980 3078 1032 3139; x_wconf 89' lang='lat' dir='ltr'>sed</span> <span class='ocrx_word' id='word_1_279' title='bbox 1057 3080 1203 3155; x_wconf 90' lang='lat' dir='ltr'>imprimis</span> <span class='ocrx_word' id='word_1_280' title='bbox 1233 3081 1349 3157; x_wconf 86' lang='lat' dir='ltr'>ultima,</span> 
     </span>
     <span class='ocr_line' id='line_1_33' title="bbox 171 3168 1348 3243; baseline 0.005 -19"><span class='ocrx_word' id='word_1_281' title='bbox 171 3184 261 3243; x_wconf 87' lang='lat' dir='ltr'>qnam</span> <span class='ocrx_word' id='word_1_282' title='bbox 280 3168 394 3242; x_wconf 87' lang='lat' dir='ltr'>recepit</span> <span class='ocrx_word' id='word_1_283' title='bbox 410 3168 442 3226; x_wconf 91' lang='lat' dir='ltr'>in</span> <span class='ocrx_word' id='word_1_284' title='bbox 459 3168 622 3228; x_wconf 87' lang='lat' dir='ltr'>novissima</span> <span class='ocrx_word' id='word_1_285' title='bbox 640 3168 782 3242; x_wconf 85' lang='lat' dir='ltr'>editione,</span> <span class='ocrx_word' id='word_1_286' title='bbox 806 3169 880 3228; x_wconf 87' lang='lat' dir='ltr'>satis</span> <span class='ocrx_word' id='word_1_287' title='bbox 901 3169 1018 3229; x_wconf 81' lang='lat' dir='ltr'>uidetur</span> <span class='ocrx_word' id='word_1_288' title='bbox 1036 3169 1208 3243; x_wconf 89' lang='lat' dir='ltr'>probabilis.</span> <span class='ocrx_word' id='word_1_289' title='bbox 1240 3169 1348 3230; x_wconf 85' lang='lat' dir='ltr'>Nescio</span> 
     </span>
     <span class='ocr_line' id='line_1_34' title="bbox 169 3253 1347 3332; baseline 0.003 -17"><span class='ocrx_word' id='word_1_290' title='bbox 169 3260 271 3315; x_wconf 88' lang='lat' dir='ltr'>tamen</span> <span class='ocrx_word' id='word_1_291' title='bbox 299 3274 337 3315; x_wconf 85' lang='lat' dir='ltr'>an</span> <span class='ocrx_word' id='word_1_292' title='bbox 365 3257 441 3316; x_wconf 84' lang='lat' dir='ltr'>alius</span> <span class='ocrx_word' id='word_1_293' title='bbox 469 3258 551 3316; x_wconf 88' lang='lat' dir='ltr'>locus</span> <span class='ocrx_word' id='word_1_294' title='bbox 575 3257 697 3317; x_wconf 85' lang='lat' dir='ltr'>Pindari</span> <span class='ocrx_word' id='word_1_295' title='bbox 719 3258 806 3319; x_wconf 88' lang='lat' dir='ltr'>Nem.</span> <span class='ocrx_word' id='word_1_296' title='bbox 828 3257 871 3316; x_wconf 91' lang='lat' dir='ltr'>IX</span> <span class='ocrx_word' id='word_1_297' title='bbox 897 3260 938 3317; x_wconf 84' lang='lat'>24</span> <span class='ocrx_word' id='word_1_298' title='bbox 967 3253 1048 3318; x_wconf 88' lang='grc' dir='ltr'>ἑπτὰ</span> <span class='ocrx_word' id='word_1_299' title='bbox 1075 3254 1136 3332; x_wconf 90' lang='grc' dir='ltr'>γὰρ</span> <span class='ocrx_word' id='word_1_300' title='bbox 1165 3254 1347 3318; x_wconf 87' lang='grc' dir='ltr'>δαίςαντο</span> 
     </span>
     <span class='ocr_line' id='line_1_35' title="bbox 172 3341 1347 3424; baseline 0.003 -21"><span class='ocrx_word' id='word_1_301' title='bbox 172 3342 269 3419; x_wconf 92' lang='grc' dir='ltr'>πυραὶ</span> <span class='ocrx_word' id='word_1_302' title='bbox 294 3341 460 3417; x_wconf 89' lang='grc' dir='ltr'>νεογυίους</span> <span class='ocrx_word' id='word_1_303' title='bbox 484 3345 609 3422; x_wconf 90' lang='grc' dir='ltr'>φῶτας,</span> <span class='ocrx_word' id='word_1_304' title='bbox 638 3348 691 3407; x_wconf 87' lang='lat' dir='ltr'>ubi</span> <span class='ocrx_word' id='word_1_305' title='bbox 713 3347 750 3407; x_wconf 90' lang='lat' dir='ltr'>de</span> <span class='ocrx_word' id='word_1_306' title='bbox 773 3347 877 3407; x_wconf 84' lang='lat' dir='ltr'>eadem</span> <span class='ocrx_word' id='word_1_307' title='bbox 900 3367 933 3407; x_wconf 92' lang='lat' dir='ltr'>re</span> <span class='ocrx_word' id='word_1_308' title='bbox 957 3366 1053 3407; x_wconf 90' lang='lat' dir='ltr'>sermo</span> <span class='ocrx_word' id='word_1_309' title='bbox 1078 3351 1137 3423; x_wconf 88' lang='lat' dir='ltr'>est,</span> <span class='ocrx_word' id='word_1_310' title='bbox 1167 3347 1257 3407; x_wconf 84' lang='lat' dir='ltr'>etiem</span> <span class='ocrx_word' id='word_1_311' title='bbox 1280 3366 1347 3424; x_wconf 88' lang='lat' dir='ltr'>pro-</span> 
     </span>
     <span class='ocr_line' id='line_1_36' title="bbox 171 3430 1346 3517; baseline 0.003 -23"><span class='ocrx_word' id='word_1_312' title='bbox 171 3435 346 3495; x_wconf 90' lang='lat' dir='ltr'>babiliorem</span> <span class='ocrx_word' id='word_1_313' title='bbox 375 3437 582 3497; x_wconf 83' lang='lat' dir='ltr'>subministrat</span> <span class='ocrx_word' id='word_1_314' title='bbox 609 3439 756 3498; x_wconf 87' lang='lat' dir='ltr'>medelam</span> <span class='ocrx_word' id='word_1_315' title='bbox 784 3438 890 3517; x_wconf 82' lang='lat' dir='ltr'>hence:</span> <span class='ocrx_word' id='word_1_316' title='bbox 924 3433 1004 3497; x_wconf 89' lang='grc' dir='ltr'>ἑπτά</span> <span class='ocrx_word' id='word_1_317' title='bbox 1037 3430 1070 3494; x_wconf 81' lang='grc' dir='ltr'>δ’</span> <span class='ocrx_word' id='word_1_318' title='bbox 1098 3431 1208 3496; x_wconf 84' lang='grc' dir='ltr'>ἔπειτα</span> <span class='ocrx_word' id='word_1_319' title='bbox 1240 3435 1346 3513; x_wconf 88' lang='grc' dir='ltr'>πυρᾶν</span> 
     </span>
     <span class='ocr_line' id='line_1_37' title="bbox 170 3520 1346 3601; baseline 0.004 -20"><span class='ocrx_word' id='word_1_320' title='bbox 170 3523 293 3597; x_wconf 84' lang='grc' dir='ltr'>νεκρῶν</span> <span class='ocrx_word' id='word_1_321' title='bbox 317 3541 356 3585; x_wconf 92' lang='grc' dir='ltr'>τε</span> <span class='ocrx_word' id='word_1_322' title='bbox 381 3523 623 3585; x_wconf 88' lang='grc' dir='ltr'>δαιςθέντων.</span> <span class='ocrx_word' id='word_1_323' title='bbox 650 3526 809 3601; x_wconf 86' lang='lat' dir='ltr'>Euripides</span> <span class='ocrx_word' id='word_1_324' title='bbox 828 3526 946 3586; x_wconf 89' lang='lat' dir='ltr'>Heraol.</span> <span class='ocrx_word' id='word_1_325' title='bbox 967 3528 1030 3586; x_wconf 84' lang='lat'>914</span> <span class='ocrx_word' id='word_1_326' title='bbox 1049 3522 1106 3585; x_wconf 88' lang='grc' dir='ltr'>τὸν</span> <span class='ocrx_word' id='word_1_327' title='bbox 1124 3520 1218 3585; x_wconf 87' lang='grc' dir='ltr'>Ἅιδα</span> <span class='ocrx_word' id='word_1_328' title='bbox 1245 3521 1346 3600; x_wconf 87' lang='grc' dir='ltr'>δόμον</span> 
     </span>
     <span class='ocr_line' id='line_1_38' title="bbox 171 3609 880 3692; baseline 0.004 -21"><span class='ocrx_word' id='word_1_329' title='bbox 171 3609 288 3687; x_wconf 88' lang='grc' dir='ltr'>κατέβα</span> <span class='ocrx_word' id='word_1_330' title='bbox 307 3611 426 3687; x_wconf 85' lang='grc' dir='ltr'>πυρὸς</span> <span class='ocrx_word' id='word_1_331' title='bbox 445 3615 551 3692; x_wconf 85' lang='grc' dir='ltr'>δεινᾷ</span> <span class='ocrx_word' id='word_1_332' title='bbox 569 3611 686 3690; x_wconf 84' lang='grc' dir='ltr'>φλογὶ</span> <span class='ocrx_word' id='word_1_333' title='bbox 705 3610 880 3675; x_wconf 87' lang='grc' dir='ltr'>δαιςθείς.</span> 
     </span>
    </p>

    <p class='ocr_par' dir='ltr' id='par_1_7' title="bbox 172 3697 1346 3867">
     <span class='ocr_line' id='line_1_39' title="bbox 258 3697 1346 3779; baseline 0.004 -19"><span class='ocrx_word' id='word_1_334' title='bbox 258 3701 311 3761; x_wconf 88' lang='lat' dir='ltr'>Vs.</span> <span class='ocrx_word' id='word_1_335' title='bbox 331 3705 372 3763; x_wconf 89' lang='lat'>53</span> <span class='ocrx_word' id='word_1_336' title='bbox 397 3697 470 3762; x_wconf 81' lang='grc' dir='ltr'>οὐδ’</span> <span class='ocrx_word' id='word_1_337' title='bbox 499 3698 579 3763; x_wconf 86' lang='grc' dir='ltr'>ἰδεῖν</span> <span class='ocrx_word' id='word_1_338' title='bbox 603 3699 778 3778; x_wconf 82' lang='grc' dir='ltr'>εὔχοντο,</span> <span class='ocrx_word' id='word_1_339' title='bbox 802 3705 820 3762; x_wconf 89' lang='lat' dir='ltr'>i.</span> <span class='ocrx_word' id='word_1_340' title='bbox 841 3723 865 3765; x_wconf 91' lang='lat' dir='ltr'>e.</span> <span class='ocrx_word' id='word_1_341' title='bbox 889 3699 1093 3779; x_wconf 84' lang='grc' dir='ltr'>ἰςχυρίζοντο.</span> <span class='ocrx_word' id='word_1_342' title='bbox 1132 3702 1176 3766; x_wconf 84' lang='lat' dir='ltr'>Cf.</span> <span class='ocrx_word' id='word_1_343' title='bbox 1198 3704 1288 3765; x_wconf 90' lang='lat' dir='ltr'>Hom.</span> <span class='ocrx_word' id='word_1_344' title='bbox 1310 3704 1346 3764; x_wconf 91' lang='lat' dir='ltr'>Il.</span> 
     </span>
     <span class='ocr_line' id='line_1_40' title="bbox 172 3787 953 3867; baseline 0.004 -18"><span class='ocrx_word' id='word_1_345' title='bbox 172 3791 275 3850; x_wconf 87' lang='lat' dir='ltr'><strong>XVIII</strong></span> <span class='ocrx_word' id='word_1_346' title='bbox 295 3793 359 3852; x_wconf 83' lang='lat'>499</span> <span class='ocrx_word' id='word_1_347' title='bbox 380 3787 398 3851; x_wconf 89' lang='grc' dir='ltr'>ὁ</span> <span class='ocrx_word' id='word_1_348' title='bbox 418 3789 475 3867; x_wconf 84' lang='grc' dir='ltr'>μὲν</span> <span class='ocrx_word' id='word_1_349' title='bbox 495 3787 630 3866; x_wconf 83' lang='grc' dir='ltr'>εὔχετο</span> <span class='ocrx_word' id='word_1_350' title='bbox 650 3788 747 3853; x_wconf 82' lang='grc' dir='ltr'>πάντ’</span> <span class='ocrx_word' id='word_1_351' title='bbox 766 3788 953 3854; x_wconf 85' lang='grc' dir='ltr'>ἀποδοῦναι.</span> 
     </span>
    </p>

    <p class='ocr_par' dir='ltr' id='par_1_8' title="bbox 170 3876 1346 4227">
     <span class='ocr_line' id='line_1_41' title="bbox 260 3876 1346 3959; baseline 0.006 -23"><span class='ocrx_word' id='word_1_352' title='bbox 260 3880 312 3938; x_wconf 89' lang='lat' dir='ltr'>Vs.</span> <span class='ocrx_word' id='word_1_353' title='bbox 333 3884 379 3941; x_wconf 80' lang='lat'>97&#39;</span> <span class='ocrx_word' id='word_1_354' title='bbox 399 3879 439 3956; x_wconf 88' lang='grc' dir='ltr'>μὴ</span> <span class='ocrx_word' id='word_1_355' title='bbox 465 3878 623 3955; x_wconf 86' lang='grc' dir='ltr'>θραύςοι</span> <span class='ocrx_word' id='word_1_356' title='bbox 648 3877 765 3958; x_wconf 89' lang='grc' dir='ltr'>χρόνος</span> <span class='ocrx_word' id='word_1_357' title='bbox 789 3876 888 3957; x_wconf 86' lang='grc' dir='ltr'>ὄλβον</span> <span class='ocrx_word' id='word_1_358' title='bbox 908 3879 1069 3958; x_wconf 82' lang='grc' dir='ltr'>ἐφέρπων.</span> <span class='ocrx_word' id='word_1_359' title='bbox 1106 3883 1207 3957; x_wconf 84' lang='lat' dir='ltr'>Vulgo</span> <span class='ocrx_word' id='word_1_360' title='bbox 1225 3886 1346 3959; x_wconf 83' lang='lat' dir='ltr'>recepte</span> 
     </span>
     <span class='ocr_line' id='line_1_42' title="bbox 171 3966 1346 4048; baseline 0.003 -21"><span class='ocrx_word' id='word_1_361' title='bbox 171 3971 218 4028; x_wconf 90' lang='lat' dir='ltr'>ost</span> <span class='ocrx_word' id='word_1_362' title='bbox 240 3969 382 4029; x_wconf 86' lang='lat' dir='ltr'>Boeokhii</span> <span class='ocrx_word' id='word_1_363' title='bbox 406 3971 547 4031; x_wconf 88' lang='lat' dir='ltr'>correctio</span> <span class='ocrx_word' id='word_1_364' title='bbox 572 3966 710 4047; x_wconf 89' lang='grc' dir='ltr'>θράςςοι,</span> <span class='ocrx_word' id='word_1_365' title='bbox 741 3975 945 4047; x_wconf 88' lang='lat' dir='ltr'>superstructa</span> <span class='ocrx_word' id='word_1_366' title='bbox 968 3972 1077 4033; x_wconf 85' lang='lat' dir='ltr'>veteris</span> <span class='ocrx_word' id='word_1_367' title='bbox 1099 3972 1274 4048; x_wconf 89' lang='lat' dir='ltr'>interpretis</span> <span class='ocrx_word' id='word_1_368' title='bbox 1298 3992 1346 4031; x_wconf 87' lang='lat' dir='ltr'>ex-</span> 
     </span>
     <span class='ocr_line' id='line_1_43' title="bbox 170 4056 1345 4137; baseline 0.003 -20"><span class='ocrx_word' id='word_1_369' title='bbox 170 4057 324 4134; x_wconf 88' lang='lat' dir='ltr'>plicationi</span> <span class='ocrx_word' id='word_1_370' title='bbox 349 4056 389 4134; x_wconf 87' lang='grc' dir='ltr'>μή</span> <span class='ocrx_word' id='word_1_371' title='bbox 417 4056 577 4136; x_wconf 88' lang='grc' dir='ltr'>ταράςςοι,</span> <span class='ocrx_word' id='word_1_372' title='bbox 606 4062 691 4137; x_wconf 89' lang='lat' dir='ltr'>eique</span> <span class='ocrx_word' id='word_1_373' title='bbox 717 4061 892 4137; x_wconf 86' lang='lat' dir='ltr'>posthabita</span> <span class='ocrx_word' id='word_1_374' title='bbox 919 4066 964 4122; x_wconf 93' lang='lat' dir='ltr'>est</span> <span class='ocrx_word' id='word_1_375' title='bbox 991 4061 1155 4121; x_wconf 87' lang='lat' dir='ltr'>Hermanni</span> <span class='ocrx_word' id='word_1_376' title='bbox 1178 4061 1345 4121; x_wconf 87' lang='lat' dir='ltr'>emendatio</span> 
     </span>
     <span class='ocr_line' id='line_1_44' title="bbox 172 4144 1346 4227; baseline 0.002 -20"><span class='ocrx_word' id='word_1_377' title='bbox 172 4144 314 4224; x_wconf 82' lang='grc' dir='ltr'>θραύςαι,</span> <span class='ocrx_word' id='word_1_378' title='bbox 338 4167 391 4223; x_wconf 89' lang='lat' dir='ltr'>pro</span> <span class='ocrx_word' id='word_1_379' title='bbox 416 4169 474 4225; x_wconf 91' lang='lat' dir='ltr'>quo</span> <span class='ocrx_word' id='word_1_380' title='bbox 497 4153 599 4210; x_wconf 90' lang='lat' dir='ltr'>tamen</span> <span class='ocrx_word' id='word_1_381' title='bbox 623 4152 713 4211; x_wconf 89' lang='lat' dir='ltr'>verbo</span> <span class='ocrx_word' id='word_1_382' title='bbox 736 4168 795 4209; x_wconf 90' lang='lat' dir='ltr'>non</span> <span class='ocrx_word' id='word_1_383' title='bbox 819 4150 969 4227; x_wconf 85' lang='lat' dir='ltr'>ignaviter</span> <span class='ocrx_word' id='word_1_384' title='bbox 986 4152 1117 4211; x_wconf 80' lang='lat' dir='ltr'>militaro</span> <span class='ocrx_word' id='word_1_385' title='bbox 1135 4150 1209 4209; x_wconf 89' lang='lat' dir='ltr'>mihi</span> <span class='ocrx_word' id='word_1_386' title='bbox 1226 4149 1346 4209; x_wconf 85' lang='lat' dir='ltr'>videtur</span> 
     </span>
    </p>
   </div>
   <div class='ocr_carea' id='block_1_3' title="bbox 173 4231 1346 4499">
    <p class='ocr_par' dir='ltr' id='par_1_9' title="bbox 173 4231 1346 4499">
     <span class='ocr_line' id='line_1_45' title="bbox 173 4231 1346 4319; baseline 0.004 -26"><span class='ocrx_word' id='word_1_387' title='bbox 173 4236 256 4297; x_wconf 90' lang='lat' dir='ltr'>loeus</span> <span class='ocrx_word' id='word_1_388' title='bbox 275 4237 454 4313; x_wconf 80' lang='lat' dir='ltr'>Euripideus</span> <span class='ocrx_word' id='word_1_389' title='bbox 476 4239 561 4298; x_wconf 89' lang='lat' dir='ltr'>Hero.</span> <span class='ocrx_word' id='word_1_390' title='bbox 583 4242 645 4301; x_wconf 79' lang='lat'>776</span> <span class='ocrx_word' id='word_1_391' title='bbox 671 4233 790 4314; x_wconf 91' lang='grc' dir='ltr'>χρόνου</span> <span class='ocrx_word' id='word_1_392' title='bbox 815 4236 875 4313; x_wconf 88' lang='grc' dir='ltr'>γὰρ</span> <span class='ocrx_word' id='word_1_393' title='bbox 899 4236 985 4301; x_wconf 87' lang='grc' dir='ltr'>οὔτις</span> <span class='ocrx_word' id='word_1_394' title='bbox 1008 4236 1177 4315; x_wconf 86' lang='grc' dir='ltr'>ῥόπαλον</span> <span class='ocrx_word' id='word_1_395' title='bbox 1204 4231 1346 4319; x_wconf 85' lang='lat' dir='ltr'>(feliciter</span> 
     </span>
     <span class='ocr_line' id='line_1_46' title="bbox 175 4321 1345 4403; baseline 0.004 -20"><span class='ocrx_word' id='word_1_396' title='bbox 175 4324 217 4383; x_wconf 85' lang='lat' dir='ltr'>sic</span> <span class='ocrx_word' id='word_1_397' title='bbox 236 4327 364 4386; x_wconf 86' lang='lat' dir='ltr'>correxit</span> <span class='ocrx_word' id='word_1_398' title='bbox 381 4324 420 4388; x_wconf 86' lang='grc' dir='ltr'>τὸ</span> <span class='ocrx_word' id='word_1_399' title='bbox 445 4321 542 4388; x_wconf 88' lang='grc' dir='ltr'>πάλιν</span> <span class='ocrx_word' id='word_1_400' title='bbox 559 4323 974 4403; x_wconf 80' lang='lat' dir='ltr'>Wilemowitz-Mtllendcrf)</span> <span class='ocrx_word' id='word_1_401' title='bbox 999 4325 1125 4403; x_wconf 88' lang='grc' dir='ltr'>εἰςορᾶν</span> <span class='ocrx_word' id='word_1_402' title='bbox 1144 4324 1222 4389; x_wconf 82' lang='grc' dir='ltr'>ἔτλα</span> <span class='ocrx_word' id='word_1_403' title='bbox 1244 4324 1345 4403; x_wconf 91' lang='grc' dir='ltr'>νόμον</span> 
     </span>
     <span class='ocr_line' id='line_1_47' title="bbox 176 4410 1343 4499; baseline 0.005 -28"><span class='ocrx_word' id='word_1_404' title='bbox 176 4412 364 4492; x_wconf 89' lang='grc' dir='ltr'>παρέμενος,</span> <span class='ocrx_word' id='word_1_405' title='bbox 379 4410 494 4496; x_wconf 84' lang='grc' dir='ltr'>ἀνομίᾳ</span> <span class='ocrx_word' id='word_1_406' title='bbox 508 4410 601 4496; x_wconf 89' lang='grc' dir='ltr'>χάριν</span> <span class='ocrx_word' id='word_1_407' title='bbox 620 4412 736 4492; x_wconf 87' lang='grc' dir='ltr'>διδούς,</span> <span class='ocrx_word' id='word_1_408' title='bbox 755 4411 915 4493; x_wconf 81' lang='grc' dir='ltr'>ἔθραυςε</span> <span class='ocrx_word' id='word_1_409' title='bbox 935 4412 964 4478; x_wconf 75' lang='grc' dir='ltr'>δ’</span> <span class='ocrx_word' id='word_1_410' title='bbox 982 4411 1081 4493; x_wconf 88' lang='grc' dir='ltr'>ὄλβου</span> <span class='ocrx_word' id='word_1_411' title='bbox 1100 4415 1249 4479; x_wconf 88' lang='grc' dir='ltr'>κελαινὸν</span> <span class='ocrx_word' id='word_1_412' title='bbox 1268 4410 1343 4499; x_wconf 87' lang='grc' dir='ltr'>(πα-</span> 
     </span>
    </p>
   </div>
   <div class='ocr_carea' id='block_1_4' title="bbox 0 0 1436 4958">
    <p class='ocr_par' dir='ltr' id='par_1_10' title="bbox 0 0 1436 4958">
     <span class='ocr_line' id='line_1_48' title="bbox 0 0 1436 4958; baseline 0 1"><span class='ocrx_word' id='word_1_413' title='bbox 0 0 1436 4958; x_wconf 95' lang='lat' dir='ltr'> </span> 
     </span>
    </p>
   </div>
  </div>
 </body>
</html>
