2864 4958
648 243 805 300 rateca.
989 272 992 278 -
1270 246 1312 311 23
1350 216 1355 230 '
1405 265 1407 268 ⁴

139 410 316 489 καθύπερθε
336 413 442 474 νεᾶνι(
460 411 539 489 ἦτορ
554 409 670 489 ἔχοιεα.
701 413 892 473 Incredibilia
905 415 1028 474 molitur
1046 416 1147 492 Bergk
1166 416 1312 477 coniciens
1399 421 1401 425 ’

138 499 209 565 οἷον
232 499 424 579 ἀταρβὴε
448 505 553 565 νεῖκοε
577 497 646 577 ἄγει
669 498 869 578 κεφαλὰν
892 496 1014 577 μόχθου
1038 500 1216 587 καθύπερθε
1243 503 1312 565 καὶ

138 591 231 670 ἦτορ
246 591 374 653 νεᾶνι(
390 587 505 666 ἔχοιεα.
534 594 627 654 Facili
645 593 816 654 coniectura
834 593 905 653 clim
924 592 1128 653 Schneidewin
1142 596 1313 654 correxerat

137 683 285 760 κραδιᾷ,
310 683 362 742 sed
383 681 516 758 Bergkio
535 683 626 741 nihil
646 683 765 760 egisse
788 683 915 742 videtur.
1270 693 1272 698 ’
1332 677 1334 682 ’

225 771 276 832 Vs.
297 774 338 831 36
363 766 432 830 δεῖα
455 766 572 831 κλυτὰν
596 769 674 847 χέρα
697 770 923 847 προεενεγκεῖν
946 767 1032 846 ἦρα,
1055 766 1107 830 καὶ
1130 767 1165 831 ἐκ
1188 768 1311 845 λεχέων

136 862 238 936 κεῖραι
261 857 412 936 μελιαδέα
431 855 541 937 ποιάν;
565 861 685 921 Rectius
704 861 785 921 haud
804 859 894 919 dubie
913 859 954 919 sic
974 861 1139 920 Mommsen
1158 864 1190 920 et
1208 862 1310 937 Bergk

137 950 291 1010 ediderunt
310 969 401 1026 quam
419 950 658 1024 προτενεγκεῖν,
681 947 700 1026 ἤ
725 945 774 1025 ῥα,
798 953 833 1009 ut
851 950 942 1026 vulgo
963 947 1078 1023 editur,
1099 968 1158 1026 qua
1185 951 1311 1011 lectione

135 1042 235 1116 inepte
263 1039 477 1114 disiunguntur
504 1059 581 1115 quae
608 1041 759 1116 iungenda
786 1042 864 1098 sunt.
901 1039 1005 1114 Neque
1030 1039 1118 1098 aliter
1145 1040 1244 1098 locum
1267 1040 1310 1098 in-

135 1129 252 1189 tellexit
269 1131 356 1189 vetus
376 1128 549 1188 scholiasta:
574 1122 644 1202 ἆρα
665 1123 753 1188 όειόν
772 1126 835 1188 ἐετι
853 1161 889 1168 -
907 1123 967 1188 καὶ
986 1124 1101 1187 ἐκτῶν
1116 1128 1231 1188 κοιτῶν
1247 1126 1309 1189 κτὲι

134 1219 269 1278 Permira
287 1221 387 1277 tamen
407 1220 453 1276 est
471 1218 530 1277 ista
548 1219 765 1294 particularum
784 1219 878 1291 sedes,
897 1211 1080 1292 quapropter
1099 1217 1209 1276 conieci
1227 1214 1310 1293 ἦκα,

135 1308 280 1380 leuiter,
301 1310 336 1366 nt
358 1326 474 1383 amans,
497 1326 557 1366 non
580 1308 672 1368 feroci
695 1309 822 1383 impetu,
844 1308 888 1366 ita
911 1307 946 1364 ut
967 1307 1099 1381 puellam
1117 1308 1245 1365 terreret
1264 1307 1308 1365 in-

133 1399 301 1473 festamque
325 1395 547 1456 sibircddcret.
586 1396 629 1456 (tf.
648 1396 734 1456 Hom.
755 1391 782 1456 Ω
802 1398 865 1456 508
886 1398 917 1454 et
936 1411 951 1453 c
972 1397 1026 1471 92,
1048 1397 1098 1472 94‚
1135 1390 1248 1472 Ῥεῖα,
1273 1397 1308 1456 de

133 1506 191 1562 quo
209 1486 335 1545 forsitan
354 1485 463 1560 aliquis
482 1485 606 1562 cogitet,
626 1489 731 1561 aptum
749 1504 808 1544 non
828 1489 883 1546 est.

223 1575 274 1634 Vs.
295 1576 334 1634 67
365 1568 462 1633 ὠκεῖα
486 1568 519 1632 δ’
540 1571 759 1649 ἐπειγομένων
785 1570 871 1634 ΗΔΗ
895 1571 979 1632 θεῶν
1008 1570 1127 1646 πρᾶξιε,
1168 1573 1312 1650 Languet·

109 1661 206 1738 ,ἤδη,
231 1663 310 1739 quod
334 1683 407 1721 num
430 1663 608 1723 scholiastae
630 1665 760 1740 legerint
783 1664 910 1722 dubites.
947 1662 1184 1737 Expectaveram
1208 1663 1307 1738 potius

134 1750 217 1830 ΑΙΕΙ,
237 1748 306 1813 αἰεί.
343 1753 413 1810 Mox
432 1747 629 1812 διαίταεεν
647 1754 729 1812 valet
748 1748 910 1827 διέκρινεν.

99 1919 105 1927 g
221 1842 272 1902 Vs.
295 1844 356 1901 113
368 1861 431 1917 sqq.
450 1842 481 1900 in
496 1842 541 1902 ed.
555 1841 638 1900 IVta
656 1842 698 1901 sic
716 1841 844 1901 correxit
862 1841 976 1917 Bergk:
996 1837 1099 1913 πατὴρ
1119 1836 1153 1898 δὲ
1173 1837 1307 1914 θυγατρὶ

132 1928 283 2006 φυτεύων
303 1925 308 2008 Ι
329 1925 532 2005 κλεινότερον
555 1926 672 2009 γάμον,
695 1924 828 1991 ἄκουεεν
851 1924 987 1989 Δαναόν
1010 1922 1088 1988 ποτ’
1106 1925 1142 1988 ἐν
1165 1924 1273 2003 Ἄργει
1300 1921 1303 2010 t

131 2015 203 2080 οἷον
227 2016 355 2094 εὑρεῖν
375 2013 459 2099 (libri
478 2014 551 2094 εὗρε
566 2021 615 2079 vel
634 2011 742 2100 εὗρεν)
763 2013 995 2092 τεεεάρακοντα
1013 2013 1064 2077 καὶ
1083 2012 1167 2077 ὀκτὼ
1187 2015 1305 2091 παρθέ-

125 2125 218 2183 votor,
237 2106 311 2184 πρὶν
330 2105 426 2183 μέεον
444 2105 535 2184 ἦμαρ,
556 2105 660 2170 ἑλεῖν
682 2107 686 2184 t
707 2104 872 2169 ὠκύτατον
886 2103 1002 2181 γάμον·
1023 2102 1151 2166 έεταεεν
1165 2101 1227 2180 γὰρ
1242 2102 1303 2167 κτὲ,

115 2191 165 2259 'ut
179 2194 250 2259 οἷον
264 2201 404 2258 neutrum
420 2199 467 2275 sit,
486 2196 742 2275 non'iungendnm
757 2218 824 2257 cum
839 2197 1028 2257 substantivo
1043 2191 1155 2269 γάμον.
1174 2195 1304 2258 Facilius

129 2289 315 2365 intellegam:
344 2281 414 2347 οἷον
443 2283 578 2363 εὑρών,
599 2321 640 2328 -
662 2285 763 2362 ἕλεν,
791 2287 809 2346 i.
833 2307 857 2348 e.
880 2287 1035 2362 audivit,
1064 2304 1131 2361 quo
1157 2285 1305 2344 invento

133 2379 273 2437 Danaus
289 2377 485 2452 aliquando
499 2377 651 2437 filiabus
667 2377 894 2436 celerrimum
914 2373 1183 2434 matrimonium
1201 2393 1303 2448 para-

129 2468 233 2528 verit.
260 2466 305 2524 Ao
324 2466 409 2524 facile
429 2484 499 2524 sane
518 2466 634 2525 librarii
652 2463 748 2527 ΕΛΕΝ
769 2467 879 2524 habere
898 2466 1061 2540 potuerunt
1075 2481 1128 2538 pro
1148 2463 1304 2523 infinitivo.

218 2556 306 2631 Pyth.
330 2555 356 2612 X
383 2557 423 2614 15
462 2549 571 2629 ἔθηκε
604 2551 663 2614 καὶ
698 2547 951 2629 βαθυλείμων’
978 2547 1042 2612 ὑπὸ
1074 2546 1185 2626 Κίρρα(
1213 2546 1303 2624 ἀγὼν

128 2642 271 2719 πέτραν
294 2639 509 2718 κρατηείποδα
531 2639 669 2704 Φεικίαν.
711 2643 780 2703 Sine
807 2641 1022 2715 controversia,
1051 2659 1121 2700 vere
1149 2641 1303 2716 Hartung:

128 2735 241 2809 θῆκεν
256 2729 370 2793 δὲκαὶ
386 2728 1011 2808 βαθυλείμων-πέτραι,ιγιιοᾶνοτο
1028 2730 1117 2791 simul
1132 2730 1303 2806 transponit

127 2821 245 2897 πέτρα(
264 2818 367 2899 ἀγών,
386 2823 416 2880 id
434 2841 530 2905 peque
549 2823 667 2882 aurium
685 2823 794 2882 iudicio
814 2823 1025 2897 comprobatur
1043 2838 1139 2894 neque
1158 2820 1300 2894 vulgatus

127 2914 288 2972 verborum
305 2912 377 2970 ordo
396 2912 427 2969 in
444 2912 574 2970 Pindaro
592 2912 755 2987 quidquam
773 2912 865 2971 habet
883 2910 1004 2970 insoliti.
1037 2908 1113 2967 Vide
1128 2928 1155 2967 ν.
1171 2927 1194 2967 c.
1210 2908 1300 2984 Pyth.

127 3002 170 3060 XI
192 3003 232 3059 14
252 2995 378 3060 ἑττίαν
401 2994 508 3074 τρίτον
528 2996 581 3059 ἐπὶ
603 2997 764 3074 ετέφανον
788 2997 972 3078 πατρῴαν
993 2994 1109 3072 βαλών.
1148 2996 1192 3056 Cf.
1211 2996 1297 3055 Nem.

127 3091 141 3148 Ι
161 3093 203 3149 44
214 3109 257 3166 sq.
277 3090 387 3166 aliique
405 3089 464 3148 loci
482 3091 556 3149 bene
575 3090 672 3149 multi.

215 3180 266 3238 Vs.
287 3182 327 3238 37
354 3176 459 3239 Μοῖεα
483 3172 517 3237 δ’
535 3173 593 3238 οὐκ
616 3173 777 3254 ἀποδαμεῖ
797 3173 955 3253 τρόποι(
979 3172 1031 3235 ἐπὶ
1055 3171 1230 3251 εφετέροιε.
1268 3174 1299 3233 Si

128 3269 195 3345 quis
209 3288 325 3328 mecum
340 3267 430 3327 fidem
444 3287 504 3326 non
517 3268 609 3327 habet
618 3268 744 3344 Bergkii
758 3269 847 3329 effato
862 3270 979 3343 poetam
996 3266 1113 3325 dedisse
1128 3259 1301 3338 δρόποιε,
1355 3295 1356 3298 ¹

127 3377 204 3434 quae
228 3358 268 3416 sit
290 3357 482 3433 primigenita
504 3357 601 3415 forma
624 3356 807 3418 substantivi
835 3352 969 3429 δόρποε,
997 3356 1076 3430 quod
1099 3352 1261 3413 descendat
1283 3372 1301 3412 a

127 3444 256 3522 δρέπειν
279 3440 336 3526 (=
356 3438 520 3527 έεθίεινῖ),
549 3445 716 3521 suspicetur
743 3446 843 3521 pot-ius
872 3443 1000 3505 Pindaro
1028 3442 1211 3503 reddendum
1235 3460 1300 3501 esse

126 3531 274 3609 πότοιε,
292 3536 312 3593 i.
331 3555 356 3596 e.
376 3529 556 3609 cuuuociorc
576 3526 897 3616 (Hyperboraeorum).

214 3625 303 3701 Pyth.
326 3625 368 3682 XI
393 3627 434 3684 24
464 3620 563 3703 ἑτέρῳ
592 3621 680 3698 λέχεϊ
707 3620 973 3699 δαμαζομέναν
998 3613 1300 3704 (Clytaemnestram)

126 3710 255 3787 ἔννυχοι
270 3709 418 3788 πάραγον
432 3712 544 3773 κοῖται.
567 3713 669 3791 Bergk
683 3714 715 3772 in
729 3715 773 3774 ed.
788 3713 867 3774 IIIta
882 3713 1050 3789 suspicatus
1066 3707 1299 3783 δακναζομέ-

125 3819 194 3863 ναν
212 3822 272 3862 non
291 3803 327 3862 de
345 3802 485 3878 Aegisthi
503 3803 665 3881 adulterio,
689 3804 742 3863 sed
761 3804 798 3862 d'e
815 3804 905 3863 furtis
925 3799 1158 3879 Agamemnonis
1182 3799 1230 3856 hic
1249 3799 1300 3876 agi

126 3895 207 3951 recte
227 3893 401 3952 observasse
419 3891 493 3949 mihi
511 3893 642 3966 videtur,
667 3893 739 3952 licet
761 3893 793 3950 in
811 3894 855 3953 ed.
874 3891 954 3951 IVta
973 3911 1039 3951 eam
1058 3887 1237 3950 seutentiam
1255 3908 1299 3947 re·

124 3981 308 4042 tractaverit.
346 3981 379 4039 Si
398 3980 477 4040 enim
496 3981 532 4040 de
551 3980 809 4058 Clytaemnestrae
833 4001 900 4040 cum
918 3981 1066 4057 Aegistho
1085 3977 1299 4039 consuetudine

124 4089 221 4132 sermo
241 4073 329 4146 esset,
347 4069 422 4128 nihil
441 4072 507 4130 erat
524 4088 577 4130 our
595 4071 695 4130 omnia
712 4071 774 4145 illa,
792 4090 869 4146 quae
888 4070 993 4129 deinde
1013 4070 1049 4129 de
1067 4068 1236 4145 potentium
1255 4067 1298 4124 in·
1319 4095 1323 4102 ·

123 4161 204 4223 vidia
223 4160 376 4233 dicuntur,
396 4177 414 4217 a
432 4161 521 4234 poeta
542 4159 736 4236 adderentur3
759 4178 828 4218 nam
852 4160 1009 4219 manifesto
1029 4178 1064 4218 ea
1083 4157 1174 4219 verba
1196 4154 1298 4230 potius

124 4251 379 4327 Agamemnonem
393 4250 537 4327 spectant,
551 4249 696 4324 inclytum
713 4268 815 4326 regem
830 4253 861 4308 et
875 4249 948 4310 belli
961 4249 1075 4323 ducem,
1090 4265 1177 4323 quam
1192 4244 1298 4303 mulie·

123 4359 195 4398 rem.
232 4339 339 4399 Verte:
363 4339 418 4398 hoc
442 4337 521 4397 enim
544 4330 736 4419 (maritorum
759 4329 933 4420 infidthas)
953 4338 1095 4398 uxoribus
1117 4333 1297 4393 iuvenilibus

124 4428 252 4488 maxime
270 4428 425 4488 invisum
444 4432 598 4504 peccatum
618 4430 665 4489 est
683 4431 714 4489 et
731 4432 856 4505 propter
874 4430 1045 4505 linguarum
1063 4425 1229 4487 alienarum
1243 4424 1297 4482 im-
