2864 4958
210 219 251 282 16
636 221 670 278 Η,
689 237 745 277 van
763 222 944 279 Herwerden:

297 388 349 448 Vs.
366 390 427 448 142
448 383 501 462 μία
526 385 629 450 ΒΟΥ(
651 388 764 465 Κρηθεῖ
786 408 820 450 τε
846 386 946 467 μάτηρ
970 387 1020 451 καὶ
1039 391 1229 469 θραευμήδεϊ
1253 392 1387 474 (αλμω-

208 477 266 537 νεῖ.
302 478 489 537 Incredibilis
512 498 560 538 me
583 478 680 539 iudice
698 481 821 555 locutio,
846 484 877 539 et
894 481 1017 538 minime
1039 483 1222 557 persuadent
1244 505 1323 561 quae
1350 490 1388 549 de

208 585 244 626 ea
258 567 396 626 dixerunt
415 571 533 627 veteres
552 569 790 644 recentioresque
808 570 996 644 interpretes.
1024 570 1126 647 Longe
1145 591 1173 632 ιι.
1186 590 1210 631 c.
1229 573 1385 637 dtrersum

208 675 286 733 esse,
314 657 393 731 quod
421 657 524 716 attulit
552 658 734 732 Boeckhius,
768 659 793 717 si
821 658 988 735 Aeschylus
1015 659 1167 720 furentem
1197 659 1383 726 Casandram

208 746 422 806 exclamantem
449 745 554 806 fecerit
576 741 676 821 ἄπεχε
699 747 755 821 τῆ(
780 743 855 821 βοόε
878 745 936 806 τὸν
958 748 1091 822 ταῦρον,
1119 769 1205 809 nemo
1234 755 1281 811 est
1306 756 1380 830 quin

206 835 338 894 monitus
357 836 464 894 saltem
483 836 602 896 sentiat.
640 836 746 896 Gravis
765 855 813 895 me
831 839 914 896 tenet
938 837 1063 912 suspItio
1083 840 1263 899 vocabulum
1282 861 1380 903 errore

206 928 311 985 natum
326 943 391 1003 esse
406 944 441 983 ex
454 925 595 985 Boeotico
614 921 701 985 ΦΟΥ
719 925 798 984 male
814 925 976 1002 intellecto,
995 926 1184 1004 Pindaroque
1197 929 1380 991 reddendum

208 1032 285 1072 esse:
309 1008 363 1087 μία
387 1014 437 1087 po
463 1011 575 1088 Κρηθεῖ
597 1031 633 1075 τε
657 1009 758 1088 μάτηρ
782 1010 833 1074 καὶ
856 1012 1046 1089 θρατυμήδεῖ
1064 1010 1237 1090 (Σαλμωνεῖ.

294 1101 430 1162 Vs.154
456 1095 533 1162 ἄνευ
556 1102 651 1164 ξυνᾶ(
675 1098 773 1163 ἀνίαε.
806 1104 899 1162 Verte
918 1097 997 1162 ‘sine
1017 1106 1164 1163 communi
1185 1101 1300 1166 dolore'
1320 1109 1338 1167 i.
1354 1130 1378 1169 e.

205 1191 269 1250 sine
288 1192 361 1267 rixa,
381 1193 458 1268 quod
478 1211 583 1252 moneo
598 1196 720 1268 propter
735 1193 906 1269 Mergerum
920 1192 1013 1254 verba
1030 1213 1188 1270 perperam
1201 1196 1377 1273 Intellegen-

204 1284 275 1340 tem.
304 1281 374 1338 Mox
387 1301 446 1341 uon
460 1284 541 1340 recte
555 1282 657 1358 Bergk
672 1282 832 1341 coniecisse
846 1281 965 1342 videtur
979 1277 1012 1343 ἐξ
1027 1277 1131 1342 ἀετῶν
1145 1303 1199 1359 pro
1213 1280 1247 1345 ἐξ
1263 1281 1379 1347 αὐτῶν.

292 1369 344 1428 Vs.
366 1372 429 1430 170
457 1365 581 1444 ὤρνυεν
599 1365 736 1444 κάρυκα(
755 1366 852 1437 ἐόντα
871 1362 1066 1452 (corruptum.
1086 1372 1187 1448 Bergk
1202 1367 1309 1449 ἔταιει,
1328 1376 1381 1436 sed

204 1478 264 1518 non
277 1459 377 1533 placet
391 1451 552 1540 prolepsis)
572 1454 676 1520 πλόον
691 1457 847 1534 φαινέμεν
865 1460 984 1539 παντᾷ·
1002 1455 1085 1534 τάχα
1103 1458 1139 1520 δὲ
1157 1493 1194 1502 -
1211 1458 1313 1537 ἦλθον
1328 1495 1379 1540 -,

205 1544 286 1607 δοιοὶ
306 1541 339 1606 δ’
357 1542 522 1622 ὑψιχαῖται
540 1543 661 1623 ἀνέρεε,
681 1543 842 1608 Ἐννοείδα
856 1546 963 1622 γένοε,
979 1545 1224 1610 αἰδεεθέντεε
1244 1546 1375 1627 ἀλκάν,

204 1632 266 1698 κτὲ.
295 1634 432 1695 Scribere
451 1656 522 1696 saue
540 1638 661 1712 potuii
679 1639 834 1710 Pindarus,
853 1640 933 1714 quod
947 1638 1073 1698 coniecit
1087 1637 1195 1714 Christ
1216 1634 1376 1702 Ἐννοείθα

203 1720 331 1800 γενεά,
358 1722 570 1800 βλέποντε(
593 1721 701 1786 ἀλκάν.
740 1725 785 1787 Cf.
809 1726 855 1787 Ol.
878 1727 921 1785 IX
942 1730 1021 1804 1193
1046 1727 1110 1802 sed,
1133 1747 1192 1787 non
1215 1734 1378 1806 apparente

204 1815 282 1874 tanti
301 1815 409 1874 errorIs
429 1833 531 1890 causa,
550 1833 586 1874 ea
604 1816 748 1877 correctio
765 1816 930 1892 probabilis
949 1835 1008 1875 non
1027 1819 1081 1876 est.
1108 1816 1235 1894 Propius
1249 1819 1287 1878 ad
1300 1818 1377 1877 codi-

203 1924 270 1963 cum
285 1904 464 1980 scripturam
478 1905 580 1981 Bergk
600 1899 620 1983 ᾇ
638 1903 841 1966 Ὲαεθέντεε
860 1899 954 1982 ἀλκᾷ
973 1906 1137 1983 proposuit,
1156 1907 1207 1966 sed
1220 1906 1287 1966 vide
1304 1907 1378 1982 quid

202 1994 266 2069 ipse
298 1993 345 2054 vir
376 1994 549 2070 ingeniosus
583 1994 701 2054 obiciat
750 1994 831 2053 Nota
863 1993 1022 2054 Homerica
1048 1995 1159 2056 locutio
1187 1992 1378 2070 ἐπιθειμένοι

167 2098 169 2104 ·
203 2077 303 2142 ἀλκάν
326 2083 397 2143 feeit
420 2087 454 2142 ut
476 2083 640 2160 cogitarem
663 2083 701 2144 de
724 2083 893 2160 reponendo
917 2079 1153 2159 ἐεθηθέντεε,
1178 2086 1229 2144 sed
1249 2103 1267 2143 a
1284 2086 1378 2145 uerbo

202 2168 306 2232 ἐεθεῖν
330 2173 426 2232 solum
448 2174 574 2248 perlecti
600 2173 713 2248 passivi
735 2172 925 2248 participium
949 2173 1094 2233 formasse
1117 2173 1268 2246 videntur,
1297 2172 1378 2247 quod

203 2264 359 2336 praeterea
377 2262 407 2320 in
426 2281 462 2320 ea
479 2281 512 2320 re
531 2261 629 2337 aptius
645 2265 698 2323 est.
726 2261 792 2320 Hoc
810 2261 903 2336 igitur
921 2261 1087 2336 repudiato,
1106 2261 1240 2337 suspicor
1259 2255 1377 2335 ἀμνα-

149 2381 156 2392 ·
202 2345 354 2408 εθέντεε
373 2341 407 2428 (i.
422 2370 446 2410 e.
461 2343 728 2431 consuescerem)
744 2345 858 2410 ἀλκᾱε
873 2344 978 2410 celric
998 2346 1227 2423 μναεθέντεε
1245 2343 1377 2425 ἀλκᾶε,

202 2456 288 2497 suae
307 2458 481 2498 memores
500 2440 662 2501 virtutis.
848 2501 851 2507 ,

290 2529 342 2588 Vs.
360 2530 431 2588 199.
451 2522 626 2603 ἀμπνοὰν
644 2562 682 2571 -
699 2525 866 2588 ἔεταεαν.
885 2529 1044 2604 Explicuit
1056 2521 1264 2587 ἀνέπνευεαν.
1283 2528 1377 2588 Recte

201 2617 337 2692 haberet,
366 2618 391 2676 si
419 2619 518 2678 animo
542 2619 649 2679 deiecti
672 2620 801 2678 fuissent
824 2618 981 2678 fortissimi
1004 2619 1123 2693 heroes,
1151 2617 1230 2692 qnod
1256 2621 1378 2692 poetam

202 2706 371 2782 significare
394 2708 525 2766 voluisse
549 2728 608 2768 nou
631 2710 678 2767 est
699 2708 764 2767 veri
788 2707 893 2767 simile.
931 2706 1066 2766 Sensisse
1087 2706 1206 2765 videtur
1229 2705 1376 2782 Coraes,

200 2795 252 2870 qui
270 2798 357 2854 acute
375 2797 532 2871 proposuit
556 2789 676 2878 (lettres
698 2791 837 2871 ineditos)
864 2789 1038 2869 ἀμπλοον
1062 2787 1095 2854 δ’
1116 2790 1220 2869 ἥρωεε
1243 2789 1375 2854 ἔεταεαν

201 2883 276 2944 θεοῦ
301 2878 430 2958 (άμαειν
454 2880 628 2959 πιθόμενοι.
669 2885 797 2960 Insuper
822 2883 931 2943 dubiae
954 2884 1028 2942 mihi
1051 2883 1230 2943 Graecitatis
1258 2883 1374 2944 videtur

199 2967 321 3032 ἱετάναι
340 2967 521 3052 ἀναπνοάν,
544 2976 622 3050 quod
641 2994 701 3035 uon
720 2975 793 3034 satis
811 2976 935 3033 tuentur
958 2973 1122 3034 locutiones
1146 2967 1268 3033 ἱετάναι
1288 2969 1373 3048 βοήν,

199 3060 348 3137 κραυγήν,
369 3063 486 3121 similia.
798 3124 800 3129 ,

287 3151 339 3211 Vs.
359 3153 421 3210 213
443 3146 520 3211 ἔνθα
538 3147 764 3212 κελαινώπεεει
785 3145 948 3223 Κόλχοιειν
970 3144 1039 3224 βίαν
1059 3149 1151 3222 μῖξαν
1170 3146 1267 3229 Αἰήτᾳ
1285 3143 1376 3223 παρ’

199 3235 308 3318 αὐτῷ.
355 3239 422 3298 Duo
455 3241 562 3301 ultima
593 3242 738 3302 vocabula
770 3239 929 3299 manifesto
956 3239 1099 3298 mendosa
1127 3243 1206 3299 sunt.
1252 3239 1376 3315 Corrige

198 3324 295 3407 Αἰήτᾳ
318 3323 350 3389 τ’
373 3323 510 3410 ἀγαυῷ.
548 3330 593 3392 of.
611 3330 690 3389 infra
710 3332 783 3401 241,
802 3329 854 3389 ubi
873 3329 982 3388 Aeetes
1000 3332 1125 3388 vocatur
1143 3324 1268 3389 Ἀελίου
1287 3330 1375 3388 θαυ-

199 3415 335 3491 μαετὸε
359 3414 435 3479 υἱόε.
472 3421 559 3480 Nunc
577 3420 663 3481 rideo
686 3420 746 3479 iam
766 3418 962 3479 Schmidtium
981 3418 1085 3477 eodem
1104 3437 1192 3478 sensu
1213 3416 1374 3494 legendum

199 3508 328 3567 suasisse
355 3502 387 3566 τ’
410 3503 578 3587 ἀγαυρῷ,
595 3528 662 3584 ‘qua
685 3511 782 3569 forma
800 3507 949 3567 Hesiodus
969 3507 1082 3583 Theog.
1106 3509 1168 3566 832
1194 3498 1245 3583 (cf.
1263 3505 1374 3563 Herod.

197 3595 257 3653 VH
276 3589 333 3677 57)
352 3615 423 3655 usus
443 3616 509 3656 esse
528 3597 666 3656 traditur.
695 3597 753 3657 Sed
768 3596 956 3657 Pindaricum
976 3599 1022 3656 est
1040 3587 1168 3667 ἀγαυόε.
1196 3592 1263 3651 Vid.
1283 3611 1376 3668 supra

197 3704 240 3745 vs.
263 3687 301 3744 72
327 3678 482 3758 ἀγαυῶν
505 3682 654 3746 Αἰολιδᾶν
679 3690 710 3746 et
732 3687 838 3763 fragm.
858 3681 904 3762 ap.
923 3685 1000 3745 Plat.
1020 3685 1136 3743 Menon.
1157 3703 1187 3759 p.
1207 3683 1270 3741 813
1290 3701 1334 3742 vs.
1352 3683 1372 3737 4

200 3773 342 3849 βαειλῆεε
361 3769 506 3847 ἀγαυοί.
540 3776 624 3835 Idem
643 3777 822 3835 vocabulum
839 3775 988 3852 Bergkius
1008 3777 1115 3849 poetae
1132 3770 1262 3832 reddidit
1285 3768 1374 3845 Pyth.

197 3863 273 3921 VIII
291 3874 365 3925 extr.
383 3884 437 3940 pro
456 3864 602 3925 librorum
621 3865 747 3925 lectione
766 3861 829 3924 καὶ
848 3857 984 3942 ἀγαθῷ,

287 3954 340 4013 Vs.
356 3956 419 4012 263
434 3953 534 4026 γνῶθι
549 3954 608 4015 νῦν
623 3950 685 4014 κτὲ.
712 3953 820 4015 Procul
835 3952 925 4011 dubio
935 3956 1016 4013 recte
1030 3949 1375 4026 interpretibuspraeter

199 4043 369 4118 Mergerum
387 4044 461 4102 haec
479 4046 518 4102 ad
538 4045 692 4119 sequentia
710 4043 860 4118 respicere
879 4041 1031 4116 ridentur,
1050 4059 1110 4099 non
1133 4038 1171 4098 ad
1189 4053 1375 4114 praegressa.

198 4131 339 4206 Sequitur
358 4131 436 4190 enim
459 4134 584 4209 griphus
609 4126 724 4206 ‘Nunc,
750 4123 918 4190 Arcesilae'
942 4131 985 4188 ait
1007 4132 1097 4204 poeta
1117 4121 1284 4187 ‘sollertiae
1304 4126 1374 4182 tuae

197 4221 364 4296 periculum
387 4221 508 4298 faciam,
532 4242 571 4281 an
589 4223 705 4282 solvere
724 4219 799 4279 mihi
816 4220 912 4295 possis
930 4220 987 4280 hoo
1005 4217 1145 4291 aenigma
1162 4217 1193 4272 et
1211 4212 1373 4288 intelligas,

197 4329 255 4383 quo
278 4311 545 4386 pertineant‘quae
570 4305 691 4370 dicam’.
732 4308 826 4378 Quem
849 4309 991 4384 griphum
1014 4305 1125 4381 optime
1149 4301 1275 4363 solvisse
1300 4302 1372 4360 mihi

197 4398 316 4458 ridetur
329 4399 515 4475 praeclarum
530 4400 674 4459 Boeckhii
691 4418 823 4476 acumen,
841 4399 900 4457 υἱεῖ
918 4395 996 4473 quod
1013 4396 1137 4470 propter
1151 4393 1245 4454 rerba
1264 4386 1372 4450 ἄλλοι(
