2864 4958
638 271 793 328 Pindarica.
1261 267 1302 334 ll

132 445 168 511 ἐν
186 442 319 523 τείχεειν
345 450 377 506 et
395 440 451 506 ἑόν
470 436 656 519 ἑρημώεατα
678 441 787 518 χῶρον
804 441 906 519 potius
925 439 1120 518 cogitaverim
1139 439 1175 499 de
1194 441 1304 516 populo

92 566 98 579 ·
132 538 314 616 principibus
335 537 409 595 orbo
427 553 533 595 revera
552 552 570 591 a
587 532 745 609 peregrino
769 551 849 618 rege
865 523 1064 613 (Aegyptium
1087 521 1174 611 puta)
1199 530 1304 589 abacto

133 629 163 687 in
182 627 369 699 servitutem,
388 643 478 700 quam
497 625 602 698 sponte
621 640 677 682 sua
694 620 961 681 alienoaccedenti
979 620 1112 696 imperio.

159 713 161 716 ⁴
220 715 273 774 Vs.
293 717 356 774 229
377 707 457 776 ἀνὰ,
468 705 657 787 βωλακίαε
671 704 704 769 b’
718 705 872 785 ὀρόγυιαν
887 705 969 785 εχίζε
984 708 1090 770 νῶτον
1104 708 1171 782 γᾶε.
1204 709 1305 770 ludica

130 804 262 882 Bergkio
282 795 341 884 (ed.
359 795 417 882 IV)
436 801 591 862 collocatio
610 800 839 876 praepositionis
863 801 964 860 obstat
986 800 1144 875 quominus
1163 817 1229 858 eam
1241 794 1307 874 ‚per

129 895 239 954 tmesin
253 911 271 952 a
284 891 376 952 verbo
390 886 506 964 εχίζειν
520 891 700 965 diremptam
709 891 857 966 putemus.
881 889 997 950 Revera
1006 889 1186 965 ubicumque
1200 888 1305 948 tmesis
1341 954 1345 960 Δ

130 983 208 1058 apud
226 981 390 1040 Pindarum
408 980 537 1051 obtinet,
564 979 815 1055 praepositionem
838 979 943 1038 statim
967 979 1116 1055 excipiunt
1139 978 1305 1053 particulae

132 1069 175 1146 δέ,
194 1065 263 1145 γάρ,
279 1067 323 1144 τέ,
339 1066 405 1144 μέν,
426 1069 491 1129 sim.
520 1066 563 1129 df.
578 1066 624 1128 Ol.
638 1067 698 1126 VH
711 1071 764 1142 43,
778 1068 830 1142 45,
848 1067 876 1125 Χ
892 1070 942 1143 73,
961 1067 1051 1144 Pyth.
1066 1067 1082 1125 Ι
1097 1069 1148 1140 82,
1167 1066 1198 1124 H
1214 1070 1242 1140 9,
1256 1069 1305 1144 12,
1421 1119 1424 1124 .

128 1160 215 1219 Nem.
237 1159 280 1217 IX
308 1159 342 1237 8,
362 1161 412 1218 33.
449 1157 527 1217 Vere
550 1157 624 1216 mihi
647 1158 810 1217 correxisse
833 1157 952 1217 videtur
974 1156 1117 1232 Hartung
1140 1150 1211 1216 ἀνὰ
1236 1150 1305 1231 βώ-

130 1247 262 1322 λακαε,
282 1242 321 1307 ἑε
341 1241 374 1306 δ’
392 1241 546 1322 ὀρόγυιαν
563 1241 627 1309 κτὲ.

217 1337 269 1396 Vs.
285 1338 357 1396 244.
385 1336 489 1397 κεῖτο
508 1332 569 1410 γὰρ
589 1330 705 1414 λόχμᾳ,
725 1329 899 1410 δράκοντος
914 1329 947 1394 δ’
966 1328 1093 1410 εἴχετο
1113 1333 1305 1409 λαβροτα-

129 1425 198 1487 τᾶν
216 1421 376 1499 γενύων.
413 1425 625 1503 Peringeniosa
644 1428 691 1485 est
708 1425 833 1503 Bergkii
852 1424 994 1485 correctio
1017 1424 1102 1484 κεῖτο
1121 1419 1183 1498 γὰρ
1202 1419 1306 1502 λόχμᾳ

129 1510 294 1596 δράκων,
320 1514 388 1575 τοῖι
416 1510 568 1589 λείχετο
598 1506 978 1594 λαβροτὰταινίοοόό.
1001 1506 1216 1594 λαβροτάταν)
1244 1530 1305 1584 γε·

127 1601 237 1666 νόοιν
256 1599 327 1677 κτὲ,
346 1605 510 1681 asyndeto,
528 1604 564 1662 ut
581 1604 633 1681 ait,
652 1604 789 1664 deterriti
808 1622 826 1663 a
844 1603 957 1663 leniore
974 1602 1122 1662 medicina
1139 1601 1226 1661 κεῖτο
1244 1597 1306 1676 γὰρ

128 1688 233 1771 λόχμᾳ
257 1687 484 1769 δράκοντοε,
503 1687 663 1766 λείχετο,
691 1693 793 1767 Recte,
812 1693 924 1769 opinor,
944 1692 997 1752 sed
1012 1692 1102 1752 alteri
1121 1690 1306 1750 coniecturae

128 1801 235 1859 parum
257 1783 340 1855 favet
363 1782 473 1858 triplex
500 1782 531 1840 in
556 1781 661 1841 eadem
684 1782 832 1841 sententia
859 1800 1022 1857 pronomen
1048 1781 1209 1841 relativum
1237 1779 1305 1839 τοῦ

128 1866 254 1946 λείχετο
273 1903 317 1913 -
336 1867 378 1932 ὃ(
396 1866 492 1946 πάχει
512 1903 553 1912 -
573 1867 707 1931 τέλεεαν
725 1865 770 1932 ἃν
789 1866 850 1930 κτὲ.
880 1870 956 1928 Hinc
974 1870 1049 1928 mihi
1066 1864 1150 1930 venit
1170 1870 1204 1929 in
1226 1889 1307 1928 men-

127 1962 191 2019 tem
217 1980 315 2020 annon
342 1961 492 2037 corrigere
517 1961 664 2036 praestet:
692 1959 797 2020 κεῖνο
826 1951 881 2040 (sc.
905 1955 943 2018 τὸ
967 1955 1081 2035 όέρμα)
1109 1954 1170 2032 γὰρ
1200 1953 1304 2037 λόχμᾳ

130 2043 307 2124 δράκοντοε
330 2044 484 2125 λείχετο
509 2043 770 2124 λαβροτάταιν
793 2040 1056 2130 (λαβροτάτοινῖ)
1075 2043 1239 2120 γενόοιν.

216 2139 268 2200 Vs.
289 2140 352 2199 245
375 2132 651 2213 πεντηκόντορον.
687 2137 769 2197 Fieri
791 2140 891 2214 potest
914 2140 949 2196 ut
971 2137 1056 2196 varia
1077 2136 1166 2196 lectio
1190 2153 1305 2212 πεντη-

130 2221 303 2303 κόντερον,
327 2230 433 2305 utpote
458 2228 589 2288 librariis
608 2228 706 2287 minus
726 2227 858 2305 cognita,
881 2226 1013 2305 genuina
1037 2226 1084 2287 sit.
1123 2226 1167 2286 Of.
1185 2226 1306 2286 libellus

130 2335 230 2377 meus:
249 2316 425 2393 Lepidum
442 2316 484 2377 de
504 2318 586 2377 dial.
606 2317 678 2377 Att.
698 2320 780 2379 test.
797 2338 826 2394 p.
847 2320 887 2376 67
908 2337 930 2376 s.
950 2337 977 2378 ν.

216 2406 268 2466 Vs.
288 2408 350 2465 281
371 2407 477 2467 κεῖνο(
495 2403 556 2481 γὰρ
571 2398 796 2489 (Damophilus)
812 2401 853 2465 ἐν
872 2403 1002 2465 ποιεῖν
1021 2401 1108 2480 νέοε,
1128 2400 1164 2465 ἐν
1178 2401 1214 2464 δὲ
1232 2406 1304 2480 βου-

128 2493 199 2554 λαῖε
223 2491 358 2570 πρέτβυε
377 2492 541 2570 ἐγκύρταιε
561 2491 783 2554 ἑκατονταετεῖ
804 2495 901 2572 βιοτᾷ,
921 2488 1087 2570 ὀρφανίζει
1106 2490 1164 2566 μὲν
1188 2489 1306 2554 κακὰν

127 2581 273 2656 γλῶτταν
292 2583 465 2658 φαεννᾶε
484 2578 573 2659 ὀπόε,
593 2578 689 2658 ἔμαθε
710 2577 739 2642 b’
752 2578 921 2657 ὑβρίζοντα
941 2583 1048 2657 μιεεῖν.
1076 2581 1218 2641 Absurda
1231 2583 1307 2641 mihi

129 2673 278 2749 oppositio
298 2667 388 2754 (hane
406 2673 485 2734 enim
500 2673 628 2749 speciem
642 2673 729 2734 offert
742 2673 815 2732 haec
828 2673 988 2732 verborum
1002 2665 1172 2754 collocatio)
1186 2671 1306 2732 videtur

126 2756 163 2822 ἐν
182 2757 286 2822 παιείν
308 2794 346 2806 -
368 2761 404 2824 ἐν
429 2760 464 2822 δὲ
490 2761 633 2838 βουλαῖε,
656 2781 710 2822 nec
733 2764 795 2821 tam
818 2762 935 2822 iuvenis
958 2762 1052 2821 fuisse
1075 2760 1196 2837 videtur
1217 2763 1305 2822 homo

127 2853 204 2926 exul,
222 2854 258 2910 ut
274 2852 355 2912 inter
372 2871 481 2927 pueros
500 2852 616 2912 censeri
629 2870 647 2908 a
661 2852 752 2926 poeta
769 2854 879 2926 posset.
907 2851 1110 2927 Expectabam
1128 2845 1165 2909 ἐν
1184 2845 1304 2925 πράξει,

127 2935 163 2997 ἐν
182 2937 315 3013 Ἑέργοιε,
335 2943 389 2998 aut
406 2940 520 3014 aliquid
539 2939 644 2998 simile.
671 2939 774 2997 Etiam
787 2940 880 2998 uerba
894 2933 1060 3014 ὀρφανίζει
1074 2969 1118 2978 -
1133 2932 1214 2997 ὀπό(
1232 2959 1304 2997 num

128 3027 202 3086 satis
232 3045 305 3087 sana
334 3028 394 3087 sint
422 3027 534 3088 dubito
571 3027 704 3086 Vertunt
732 3027 855 3104 privat
881 3027 1174 3091 maledicentiam
1207 3028 1305 3086 clara
1380 3050 1382 3054 ⁴

126 3134 225 3193 voce,
253 3119 420 3194 putantque
444 3117 541 3177 dicere
564 3119 685 3193 poetam
703 3116 916 3193 Demophilum
933 3119 995 3176 tam
1014 3119 1142 3192 probum
1157 3135 1243 3190 esse,
1270 3120 1305 3175 ut

125 3206 192 3281 ipsa
209 3207 420 3268 maledicentia
438 3207 634 3267 obmutescat.
670 3207 717 3272 Ne
735 3225 814 3266 nuno
836 3225 960 3283 urgeam
985 3206 1060 3266 mire
1078 3206 1304 3267 maledicentiae

126 3294 220 3353 tribui
239 3290 400 3370 φαεννόιν,
425 3295 505 3371 quod
523 3295 555 3353 in
572 3295 662 3354 laude
681 3296 751 3370 poni
771 3295 860 3372 solet,
881 3288 960 3369 ὄπα,
980 3296 1097 3353 mireris
1116 3296 1172 3353 hoc
1191 3295 1248 3353 dici
1267 3296 1304 3354 de

128 3384 222 3460 exule,
242 3403 331 3459 quem
350 3402 421 3459 prae
440 3383 546 3443 ceteris
565 3383 791 3442 maledicentiae
806 3383 965 3441 obnoxium
978 3383 1073 3442 fuisse
1090 3401 1146 3459 par
1165 3385 1220 3458 est,
1238 3386 1304 3444 tum

127 3472 174 3530 hic
192 3491 253 3530 non
271 3473 373 3548 agitur
391 3474 428 3532 de
443 3472 583 3532 universa
598 3471 661 3532 eius
680 3473 840 3548 probitate,
859 3472 914 3530 hoc
928 3472 1007 3530 enim
1021 3474 1112 3547 poeta
1126 3472 1199 3531 satis
1214 3491 1304 3548 supra

124 3560 292 3620 declararet
314 3561 438 3621 dicendo
462 3557 589 3634 ἐπέγνω
608 3557 667 3636 μὲν
687 3552 805 3636 Κυραία
825 3556 933 3620 καὶτὸ
953 3554 1185 3623 κλεεννότατον
1204 3559 1301 3636 μέγα·

125 3664 185 3722 ρον
209 3644 330 3710 Βάττου
354 3650 477 3712 δικαιᾶν
501 3645 696 3726 Δαμοφίλου
721 3645 904 3725 πραπίόων,
928 3651 980 3710 sed
999 3651 1029 3712 h.
1046 3651 1066 3710 l.
1090 3654 1180 3726 poeta
1203 3649 1306 3727 qualis

124 3738 217 3798 fucrit
235 3739 288 3797 illa
307 3739 449 3816 probitas·
462 3741 599 3816 pluribus
622 3740 825 3816 persequitur:
862 3733 1133 3800 ‘Prudentiseimus
1158 3740 1205 3799 est
1228 3740 1303 3821 iudi-

125 3827 222 3902 ciique
248 3828 423 3888 maturitate
450 3829 576 3905 insignis
689 3829 753 3890 odit
780 3829 925 3905 superbos
953 3832 984 3889 et
1012 3829 1189 3903 insolentes,
1220 3828 1303 3890 favet

124 3916 224 3989 bonis,
248 3936 308 3977 non
330 3920 377 3977 est
398 3920 553 3978 cunctator
576 3922 607 3978 et
629 3919 661 3978 in
680 3919 759 3977 omni
783 3937 816 3977 re
839 3919 1096 3994 opportunitatem
1116 3921 1231 3994 servat,
1255 3921 1302 3978 cui

124 4008 226 4064 tamen
244 4005 338 4065 libero
357 4024 417 4066 non
436 4007 538 4067 servili
556 4007 653 4066 animo
673 4000 882 4082 obtemperat’.
918 4005 982 4075 Quo
1006 4004 1128 4066 tandem
1146 4010 1233 4083 pacto
1252 4008 1300 4067 hic

125 4095 207 4154 loeus
219 4094 583 4170 essepotestscntentiae:
602 4097 654 4155 ita
672 4097 808 4172 probus
823 4099 879 4155 est
892 4099 932 4154 ut
945 4096 1025 4172 ipsa
1042 4095 1302 4156 maledicentia

126 4183 374 4244 obmutescat?
403 4183 515 4244 Contra
524 4185 687 4260 requiritur
697 4184 859 4245 sententia:
877 4185 920 4243 ab
935 4187 1029 4245 omni
1042 4185 1302 4251 maledicentia

127 4272 267 4334 alienus
282 4276 351 4349 est,
366 4292 424 4350 qua
440 4273 529 4334 simul
542 4277 632 4350 poeta
645 4274 751 4334 innuat
768 4273 979 4350 Damophilum
993 4294 1110 4351 semper
1120 4273 1301 4334 abstinuisse
1398 4342 1401 4349 ,

125 4360 164 4420 ab
183 4361 334 4424 iniuriosis
353 4363 384 4422 in
402 4382 519 4441 regem,
540 4363 591 4439 qui
608 4364 708 4440 ipsum
726 4363 895 4423 inexilium
914 4366 1084 4441 pepulerat,
1103 4363 1300 4423 sermonibus.

125 4449 268 4510 Potuitne
278 4453 392 4528 aliquid
402 4453 507 4530 dicere,
518 4453 596 4531 quod
608 4452 646 4512 ad
657 4452 803 4513 Arcesilai
817 4452 949 4512 animum
964 4452 1190 4514 demulcendum
1204 4453 1301 4529 magis

178 4559 258 4600 Jahrb.
268 4560 284 4600 i.
294 4560 361 4604 class.
371 4561 454 4602 Philol.
473 4561 550 4610 Suppl.
568 4561 612 4602 Bd.
623 4563 690 4603 ΧΙΙΓ,
1070 4557 1085 4605 2
