2864 4958
129 227 148 290 8
556 225 590 279 H.
610 242 665 278 van
684 223 866 278 Herwerden:

128 391 275 471 ἰχνεύων,
294 398 431 471 correpta
444 393 637 470 paenultima,
656 393 742 451 Nem.
756 391 832 451 VIII
847 394 898 468 35,
917 411 1043 468 quocum
1058 393 1159 467 Bergk
1177 395 1305 454 contulit

129 480 255 560 θηρεύει
275 487 306 542 et
324 479 449 543 εὔωνον
468 484 548 559 apud
562 482 788 557 Hipponactem‚
806 481 838 539 in
857 481 965 557 quibus
981 482 1119 540 similiter
1138 482 1236 541 brevis
1257 487 1305 543 eat

129 574 215 648 dipht
216 573 347 648 hongue;
367 570 621 649 pronuntiandum
638 570 729 633 suerit
748 565 890 642 ἰχνεΤων.
920 569 996 630 Cont
983 573 1031 628 tra
1048 573 1203 645 poetarum
1223 572 1305 631 Atti-

128 681 229 722 corum
258 681 370 721 morem
397 663 490 722 verba
518 656 628 735 μανύω
652 663 683 718 et
705 655 814 732 γαρύω
844 659 924 733 apud
948 659 1111 718 Pindarum
1138 661 1305 735 corripiunt

127 751 351 856 paenultimam.
386 750 460 809 Cum
475 751 605 809 Homero
625 747 802 823 conspirat
795 767 826 806 un
840 748 1008 823 quantItate
992 748 1163 809 evocaris
1155 769 1187 806 ιιι
1206 745 1303 825 θύειν,

127 842 159 899 ln
177 836 259 900 ἱέναι
274 844 304 899 et
318 859 421 916 comp,
440 840 471 897 in
485 837 718 939 comparativis
710 857 742 894 111
757 832 828 911 ἱων,
850 832 1002 912 Κρονίων,
1022 833 1163 911 χρύ(εο(,
1182 831 1303 914 ἀνέρε(

127 929 202 1004 aliis,
222 948 289 988 cum
307 929 416 989 Atticis
434 948 506 988 vero
530 928 561 985 in
580 921 677 986 καλό(
702 920 768 984 et”
756 941 833 1000 ι(ο(,
863 926 952 1003 Pyth.
970 927 1013 984 IX
1032 929 1073 986 39
1099 931 1145 986 est
1168 926 1304 1005 κλαΐδες
1331 938 1349 1015 ’,

128 1019 180 1077 sed
194 1018 284 1095 I’ytb.
299 1018 374 1076 VIII
387 1019 453 1079 init.
472 1008 607 1077 κλαῗδεε.
635 1015 712 1074 Acta
727 1014 753 1073 si
772 1015 833 1092 egi,
852 1015 1001 1075 tironibus
1019 1016 1092 1074 haec
1113 1015 1192 1076 dicta
1206 1022 1303 1077 sunto.

216 1105 334 1184 Olymp.
353 1107 434 1166 143.
463 1104 566 1166 νέοι(
590 1101 626 1164 ἐν
651 1098 776 1163 ἀέθλοι(
796 1101 831 1164 ἐν
855 1099 968 1178 μάχαι(
987 1121 1021 1163 τε
1041 1101 1184 1177 πολέμου
1208 1103 1303 1180 τιμώ-

129 1212 232 1269 μενο(.
270 1196 366 1255 Valde
384 1196 476 1255 miror
494 1195 655 1268 neminem,
680 1193 759 1268 quod
779 1194 881 1265 sciam,
905 1193 1076 1270 coniecisse,
1100 1195 1180 1268 quod
1202 1199 1305 1254 tamen

129 1285 330 1344 necessarium
349 1285 478 1357 videtur,
497 1280 595 1344 νέων
614 1278 650 1341 ἐν
670 1275 806 1354 ἀέθλοι(,
825 1282 896 1357 quia
914 1282 989 1341 illud
1003 1282 1077 1341 nihil
1091 1282 1173 1341 aliud
1192 1284 1304 1360 signifi-

127 1392 194 1432 care
217 1376 317 1447 potest
341 1391 429 1449 quam
452 1373 488 1432 in
511 1371 721 1431 recentibus
751 1370 1021 1432 certaminibus.
1063 1371 1133 1429 Alia
1155 1373 1232 1431 ratio
1258 1377 1305 1433 est

127 1462 185 1521 loci
198 1461 445 1538 Euripidei‘Med.
460 1464 502 1521 48
522 1459 581 1520 νέα
599 1457 660 1534 γὰρ
681 1456 815 1533 φροντὶ(
834 1455 892 1519 οὐκ
911 1453 1023 1533 ἀλγεῖν
1042 1459 1138 1536 φιλεῖ,
1156 1461 1305 1536 siquidem

126 1570 288 1628 puerorum
311 1551 427 1610 animus
455 1551 621 1610 rectissime
649 1549 789 1607 anImus
817 1549 962 1609 iuvenis
991 1549 1113 1627 dicitur,
1142 1551 1220 1609 unde
1245 1572 1306 1612 non

128 1640 277 1716 sequitur,
302 1645 336 1699 ut
354 1639 497 1712 arbitror,
522 1640 664 1700 iuvenum
684 1637 846 1697 certamina
864 1640 945 1699 recte
969 1635 1062 1698 νέου(
1082 1633 1216 1700 ἀέθλου(
1239 1641 1304 1702 dici.

127 1729 235 1788 Poetas
249 1748 309 1788 non
322 1730 366 1788 ita
379 1747 447 1788 raro
463 1728 618 1788 adiectiris
631 1726 791 1802 primitivis
807 1728 851 1785 uti
864 1747 919 1802 pro
934 1728 1076 1787 derivatis
1091 1727 1171 1786 haud
1189 1728 1304 1808 ignoro,

129 1817 182 1876 sed
200 1818 231 1875 id
249 1818 364 1877 faciunt
383 1836 448 1876 eum
468 1818 586 1890 iudicio,
605 1834 703 1892 neque
722 1817 765 1874 ita
784 1817 818 1873 ut
835 1816 917 1874 nasci
935 1817 1030 1892 possit
1049 1817 1239 1892 ambiguitas.

215 1905 269 1967 Vs.
285 1909 325 1966 56
346 1901 378 1966 εἰ
397 1903 435 1966 δέ
456 1922 506 1966 νιν
521 1902 606 1980 έχων
620 1919 667 1964 τι(
687 1897 794 1964 οἶδεν
808 1901 846 1963 τὸ
861 1902 989 1977 μέλλον.
1018 1905 1066 1963 lta
1079 1905 1162 1982 libri3
1177 1926 1305 1982 quorum
1365 1951 1368 1958 .

126 1996 284 2057 lectionem
301 1994 352 2071 qui
371 1998 493 2054 tuentur
511 2014 602 2072 prave
621 1993 770 2076 apodosiu
784 2013 803 2050 a
821 2013 863 2054 vs.
880 1997 918 2053 61
939 1988 1019 2053 ἴεαι(
1038 1991 1073 2052 δὲ
1093 1990 1154 2054 κτὲ.
1173 1996 1304 2072 incipere

126 2085 306 2146 existimant.
343 2084 467 2143 Poetam
493 2085 571 2144 enim
593 2086 657 2142 tam
681 2084 821 2159 perplexe
844 2084 978 2142 locutum
1001 2102 1066 2142 esse
1091 2084 1157 2158 quis
1181 2085 1304 2145 credat?

127 2174 213 2235 Vana
232 2192 350 2250 quoque
368 2173 489 2233 videtur
502 2171 628 2248 Bergkii
645 2172 677 2229 in
696 2173 740 2232 ed.
754 2171 801 2230 III
820 2174 851 2230 et
867 2172 911 2231 IV
929 2173 1048 2248 prolata
1067 2173 1165 2249 opinio
1184 2178 1306 2250 poetam

128 2262 325 2341 brachylogia
348 2263 459 2326 scilicet
483 2281 570 2322 usum
594 2253 717 2336 (similis
739 2261 952 2337 brachylogiae
976 2261 1080 2336 quidni
1103 2262 1191 2321 affert
1209 2283 1305 2323 exem-

125 2344 245 2431 plumt)
264 2351 309 2410 ita
327 2350 483 2426 scripsisse
507 2370 562 2426 pro
581 2344 609 2409 εἰ
629 2345 664 2408 δέ
684 2365 734 2410 νιν
754 2344 839 2423 έχων
857 2367 904 2409 τι(
922 2344 1010 2410 οἶδεν
1029 2347 1066 2409 τὸ
1086 2348 1215 2426 μέλλον,
1241 2351 1304 2429 Θή-

126 2456 193 2514 ρων
217 2433 348 2500 oluere
373 2437 501 2513 μέλλον.
547 2439 631 2498 Βοιιο
658 2437 759 2499 critico
783 2439 904 2515 dignius
928 2459 992 2498 rem
1015 2441 1111 2515 gessit
1138 2440 1209 2498 cIIm
1237 2461 1304 2501 cum

125 2531 223 2590 locum
242 2528 439 2605 depravatum
457 2547 523 2589 esse
541 2528 737 2604 perspiceret,
761 2527 907 2588 coniciens
926 2529 1034 2587 leniter
1054 2546 1125 2587 sane
1145 2523 1240 2589 οἶδε·
1261 2563 1304 2572 -

126 2612 223 2679 οἶδεν.
260 2617 318 2676 Sed
342 2618 502 2678 verborum
525 2636 618 2676 nexus
641 2617 740 2678 nescio
760 2635 798 2675 an
815 2619 915 2692 potius
934 2618 1010 2676 hanc
1029 2618 1161 2693 requirat
1184 2623 1302 2679 senten-

125 2707 213 2765 tiam:
231 2706 330 2764 Illud
348 2707 408 2783 qui
428 2707 538 2766 habet
557 2700 760 2787 (verissimum
780 2706 889 2780 lumen,
909 2707 970 2766 scil.
989 2703 1048 2765 τὸν
1067 2705 1210 2768 πλοῦτον
1229 2703 1302 2783 ἀρε·
1360 2770 1361 2773 ,

124 2794 195 2855 ταῖ(
219 2790 497 2877 δεδαιδαλμένον),
520 2813 633 2871 aequo
656 2796 772 2860 anImo
795 2795 891 2855 feret
913 2797 1089 2874 futurum,
1114 2797 1133 2856 i.
1152 2817 1178 2856 ο.
1197 2800 1302 2859 mortis

125 2884 282 2945 formidine
300 2903 359 2942 non
378 2884 558 2962 agitabitur
581 2883 868 2961 quandoquidem
891 2888 973 2960 post
999 2887 1163 2960 mortem,
1183 2887 1285 2946 utim
1291 2921 1301 2929 -

126 2972 232 3051 probi
259 2991 391 3049 poenas
419 2975 537 3051 luunt,
568 2974 622 3032 ita
652 2975 750 3034 viros
783 2975 914 3050 probos
946 2974 982 3032 di
1013 2979 1302 3035 remunerantur.

125 3062 224 3132 Quare
242 3061 403 3137 legendum
422 3063 568 3138 suspicor:
589 3057 628 3121 εύ
649 3053 731 3141 (cum
744 3059 1008 3140 Rauehensteinio)
1028 3061 1062 3123 δέ
1083 3079 1133 3123 νιν
1152 3058 1237 3138 έχων
1255 3081 1302 3125 τι(

127 3144 223 3210 cicer
242 3146 280 3208 τὸ
299 3148 427 3224 μέλλον,
446 3145 495 3210 ὅτι
515 3144 682 3210 θανόντων
701 3147 764 3223 μὲν
777 3147 839 3211 κτὲ

214 3237 251 3295 V.
261 3240 302 3297 62
323 3232 540 3313 ἀπονέ(τερον
554 3235 640 3298 ἐ(λοὶ
654 3236 801 3299 δέκονται
817 3235 933 3316 βίοτον,
953 3235 992 3299 οὐ
1011 3234 1113 3314 χθόνα
1131 3236 1301 3315 ταράαον-

124 3343 177 3387 τε(
196 3323 232 3388 ἐν
257 3324 351 3403 χερὸ(
375 3322 457 3407 ἀκμᾷ
482 3323 558 3388 οὐδὲ
583 3323 717 3390 πόντιον
740 3324 827 3404 ὕδωρ
856 3325 986 3389 κεινὰν
1015 3327 1115 3404 παρὰ
1142 3326 1302 3394 δίαιταν.

124 3416 239 3476 Ultima
257 3418 350 3477 verba
368 3436 428 3477 non
445 3421 572 3494 possunt
591 3418 759 3494 significare
778 3419 858 3494 quod
876 3417 987 3495 putant
1005 3420 1199 3496 interpretes,
1221 3442 1301 3497 pro-

124 3509 205 3581 pter
224 3508 366 3565 tenuem
384 3507 530 3567 victum.
557 3507 636 3565 Nam
650 3526 746 3582 neque
761 3503 865 3568 κεινό(
884 3511 930 3567 est
948 3508 1083 3584 tenuis,
1101 3529 1197 3586 neque
1214 3505 1301 3585 παρά

125 3597 171 3652 est
199 3598 355 3669 propter.
392 3595 569 3655 Rectissime
593 3615 640 3654 me
664 3596 761 3655 iudice
784 3596 907 3672 Madvig
929 3597 1052 3656 rescribi
1080 3598 1170 3658 iussit
1193 3595 1300 3660 κείναν

124 3678 213 3756 παρὰ
240 3677 377 3758 δίαιταν,
406 3685 485 3759 quod
513 3686 608 3744 solum
633 3685 762 3745 sermoni
785 3688 816 3745 et
840 3686 1004 3746 sententiae
1028 3687 1215 3749 satisfaciens
1241 3709 1300 3748 non

124 3771 219 3846 magis
247 3772 372 3848 languet
400 3765 591 3851 (languidum
619 3774 694 3833 dixIt
721 3766 837 3856 Bergk)
866 3794 956 3850 quam
984 3773 1030 3837 01.
1053 3775 1080 3835 X
1101 3778 1162 3835 102
1192 3778 1300 3838 κεῖνον

123 3855 204 3918 κατὰ
226 3855 359 3934 χρόνον,
383 3862 401 3921 i.
422 3880 446 3920 e.
466 3854 611 3942 (inclyto)
630 3863 695 3922 illo
714 3866 884 3940 tempore.
922 3860 1066 3922 Similiter
1083 3859 1192 3925 κείναν
1212 3864 1299 3942 παρὰ

124 3942 248 4007 δίαιταν
267 3950 366 4008 estin
385 3942 568 4031 (praeclara)
593 3951 659 4012 illa
683 3951 766 4012 vita.
802 3953 930 4030 Reliqua
952 3953 1100 4014 immerito
1128 3955 1300 4016 sollicitavit

123 4037 271 4112 Bergkius
296 4038 465 4099 coniciendc
489 4035 624 4114 ἔγχεο(
648 4036 742 4120 ἀκμᾷ,
771 4043 848 4118 quod
872 4061 1052 4103 vomerem
1075 4047 1179 4104 notare
1202 4047 1298 4121 putat,

125 4127 249 4186 sednon
264 4128 418 4202 reputavIt
431 4128 461 4187 id
480 4128 565 4206 iungi
577 4149 637 4190 non
651 4149 738 4207 posse
753 4150 820 4190 cum
834 4132 934 4192 verbis
954 4126 1030 4191 οὐδὲ
1050 4128 1184 4193 πόντιον
1202 4128 1298 4209 ὕδωρ,

124 4217 373 4292 quamadmodum
386 4217 426 4275 -in
448 4219 579 4294 vulgatis
603 4215 639 4279 ἐν
663 4215 758 4293 χερὸ(
781 4213 863 4299 ἀκμᾷ
887 4222 1072 4297 iungendum
1097 4224 1143 4281 est
1162 4241 1229 4281 cum
1252 4224 1299 4282 his

124 4304 223 4363 verbis
251 4324 312 4365 non
339 4307 437 4366 minus
465 4325 554 4383 quam
581 4327 648 4368 cum
676 4302 787 4382 χθόνα.
823 4309 869 4371 De
896 4311 1045 4372 industria
1072 4314 1173 4372 autem
1200 4316 1298 4389 poeta,

67 4396 69 4401 ’
124 4394 260 4466 spectans
278 4395 367 4455 huius
385 4395 466 4456 vitae
484 4395 632 4457 humanae
649 4398 769 4457 labores
789 4400 819 4457 et
838 4418 1010 4482 aerumnas,
1032 4419 1105 4463 usus
1128 4403 1176 4463 est
1198 4402 1298 4463 verbis
