2864 4958
167 231 209 294 14
591 229 626 282 Η.
644 246 700 284 van
718 227 899 289 Herwerdcn:

165 400 245 476 apud
268 398 432 458 Pindarum
454 417 554 457 carere
572 416 660 474 posse
680 399 765 456 extra
784 395 1001 456 dubitationem
1022 413 1133 471 ponere
1158 395 1276 456 videtur
1293 394 1344 458 01.

166 489 213 547 ΙΙΙ
233 492 306 548 extr.
326 484 430 548 κεινὸε
449 481 531 562 εἴην,
557 491 587 546 et
605 487 697 546 verba
714 486 804 563 Pyth.
822 486 850 544 X
870 489 909 544 21
936 481 1008 545 ted(
1033 479 1089 558 εἰη
1110 479 1244 560 ἀπήμων
1263 482 1342 560 κέαρ

164 578 230 637 fieri
258 579 357 653 potest
380 581 415 636 ut
436 580 516 636 recte
540 577 642 654 Bergk
669 575 846 652 explicuerit
868 575 898 632 in
922 575 991 633 edit.
1010 573 1095 633 IVta.
1137 574 1342 663 Nihilominus

165 687 201 726 ea
224 668 345 728 omissio
369 686 493 744 perrara
516 661 639 726 estnec
662 665 721 725 nisi
743 664 918 742 cogentibus
941 664 1072 723 numeris
1091 665 1221 723 admissa
1236 666 1271 741 et
1290 664 1343 723 ad-

164 756 311 816 mittenda
334 775 401 816 esse
423 756 549 816 uidetur.
589 755 697 832 Itaque
720 754 823 814 dubito
848 774 875 814 ν.
894 772 918 814 c.
941 773 1013 812 num
1036 753 1124 829 Pyth.
1147 754 1175 812 X
1194 755 1234 812 28
1259 756 1342 813 recte

166 846 314 923 Bergkius
339 846 491 921 scripserit
513 838 598 918 τάχ’
622 840 734 919 εὕροιε.
772 841 857 911 Quod
880 844 949 901 utut
973 845 1033 919 est,
1056 843 1128 917 looi',
1150 861 1238 919 quem
1261 861 1343 902 nunc

165 937 343 1009 tractamus,
371 936 471 994 hiatus
498 935 572 994 facit
594 953 649 1010 pro
672 933 841 1009 Hartungio
865 932 1027 1008 corrigenti
1055 925 1272 992 διαλλάξαιντ’
1301 926 1342 991 ἂν

165 1020 249 1098 iidoc.
286 1025 365 1083 Nem
389 1021 466 1098 ἦθο(
484 1024 570 1099 Ιιιρυά
593 1023 754 1082 Pindarum
777 1023 887 1083 habere
912 1020 1062 1097 digamma
1086 1021 1193 1081 merito
1213 1021 1357 1081 dubites'

169 1112 282 1172 Saltem
300 1132 360 1172 non
378 1114 470 1172 habet
488 1112 535 1172 01.
553 1111 628 1170 XIII
649 1115 698 1172 13.

253 1201 371 1278 Olymp.
395 1202 466 1260 XIV
490 1205 519 1262 4.
562 1195 769 1276 Ὀρχομενοῦ.
812 1201 906 1260 Poeta
933 1200 1093 1261 Thebanus
1121 1201 1224 1277 procul
1251 1199 1343 1260 dubio

165 1292 271 1350 urbem
287 1291 329 1350 sio
344 1291 470 1363 vocavit,
484 1293 519 1348 ut
533 1310 568 1349 ea
582 1294 682 1350 aetate
698 1295 729 1349 et
743 1291 855 1349 dudum
868 1292 937 1366 post
951 1308 1010 1349 non
1024 1291 1082 1366 ipsi
1096 1292 1215 1348 tantum
1224 1288 1343 1348 Boeotii

166 1383 218 1440 sed
242 1380 333 1439 etiam
357 1379 557 1439 Athenienses
586 1367 652 1440 eam
679 1383 835 1451 uocarunt,
864 1380 1046 1439 testantibus
1074 1379 1185 1452 titulis,
1214 1371 1341 1451 Ἐρχο·

166 1465 297 1543 μενόν.
331 1468 375 1529 Cf.
393 1469 519 1544 Lepid.
539 1472 622 1529 test.
641 1490 669 1544 p.
685 1472 737 1529 23.
768 1469 809 1528 Et
828 1461 1019 1543 Ἐρχομενοῦ
1039 1467 1289 1528 estinVaticano
1305 1465 1343 1528 A.

77 1611 79 1618 .
167 1559 232 1617 Iam
250 1558 441 1631 Boeokhium‚
462 1559 514 1617 sed
532 1559 647 1617 frustra
665 1559 770 1631 adhuc,
788 1558 819 1615 id
837 1558 987 1617 monuisse
1010 1577 1088 1617 nunc
1106 1558 1200 1618 videc.

254 1649 307 1708 Vs.
327 1649 378 1716 20.
406 1641 495 1720 Ἀχοῖ
516 1642 579 1707 κτὲ.
611 1647 736 1706 Praeter
755 1645 801 1706 01.
820 1647 895 1705 VIII
915 1650 954 1707 81
968 1666 1024 1723 sq,
1049 1667 1137 1723 quem
1159 1647 1257 1706 locum
1275 1663 1343 1705 oon-

168 1737 241 1795 tulit
258 1736 396 1809 Boeekh,
416 1738 552 1796 consulas
572 1737 662 1798 velim
681 1736 818 1812 Sophool.
837 1737 946 1797 Electr.
969 1739 1053 1798 1066
1065 1756 1128 1812 sqq.

254 1825 342 1902 Pyth.
366 1824 382 1882 I
408 1827 448 1885 16
466 1845 528 1901 sqq.
571 1825 614 1885 cf.
639 1826 746 1885 Aesch.
773 1825 870 1885 Prom.
895 1827 957 1885 351
971 1845 1046 1902 sqq:
1074 1823 1133 1885 τὸν
1160 1824 1278 1899 γηγενῆ
1307 1840 1342 1884 τε

168 1911 345 1974 Κιλικίων
368 1910 518 1990 οἰκήτορα
545 1909 692 1990 ἄντρων
717 1948 757 1955 -
778 1910 1086 1989 ἐκατογκάρηνον
1110 1947 1154 1956 -
1177 1910 1343 1989 Τυφῶνα

168 2005 288 2079 θοῦρον
302 2034 345 2046 -
364 2000 415 2063 καί
434 2004 502 2063 νῦν
522 2037 564 2046 —-
584 2005 683 2065 κεῖται
698 2035 740 2045 -
755 1999 927 2078 ἰπούμενος
946 1999 1075 2078 ῥίζαιειν
1094 1998 1251 2064 Αἰτναίαν(
1269 1999 1344 2064 ὕπο.

170 2093 282 2153 Poetae
300 2094 403 2153 Attico
422 2094 521 2153 locum
539 2095 662 2154 Pindari
681 2093 873 2153 obversatum
893 2112 958 2152 esse
976 2095 1024 2153 vix
1043 2094 1171 2154 dubites.
1199 2092 1344 2151 Similiter

169 2183 280 2242 ibidem
300 2185 362 2242 349
382 2176 467 2242 κίον’
485 2179 627 2258 οὐρανοῦ
646 2182 758 2242 dictum
777 2184 813 2242 de
832 2182 957 2241 Atlante
981 2183 1166 2242 simillimum
1189 2200 1254 2241 esse
1274 2180 1342 2240 Pin·

166 2272 265 2330 darico
280 2267 358 2330 κίων
373 2266 508 2345 οὐρανία
522 2274 558 2330 de
568 2272 668 2331 Aetna
682 2272 760 2331 dicte
776 2272 847 2330 olim
862 2273 1054 2332 observatum
1065 2275 1119 2332 est.
1138 2271 1183 2330 Of.
1194 2269 1248 2329 Od.
1259 2287 1279 2328 α
1291 2272 1343 2330 54.

167 2361 236 2419 Mox
247 2381 363 2436 quoque
378 2361 414 2419 dc
429 2361 545 2420 Aetnae
564 2362 721 2437 eruptione
740 2380 893 2436 compares
908 2380 952 2422 vs.
969 2365 1011 2421 20
1030 2355 1204 2420 ἀπλάτου
1223 2355 1343 2434 πυρὸε

167 2481 209 2490 -
220 2445 332 2522 παγαί·
348 2466 446 2509 ποτα
453 2448 514 2524 μοὶ
529 2445 668 2510 κτέανα
677 2450 852 2526 Aeschyleis
864 2441 897 2530 (l.
907 2451 926 2508 1.
938 2443 1017 2531 371)
1030 2451 1156 2525 θερμοί(
1171 2444 1342 2508 ἀπλάτου

171 2537 272 2614 βέλεει
287 2534 456 2614 πυρπνόου
472 2535 568 2614 ζάληε
583 2545 614 2600 et
627 2560 670 2601 vs.
682 2542 745 2600 368
761 2536 927 2613 ποταμοὶ
941 2557 990 2598 πυ
996 2535 1060 2614 ρόε
1076 2543 1107 2599 et
1121 2539 1249 2598 Vulcani
1263 2558 1343 2597 men-

31 2662 41 2682 .
165 2629 277 2687 tionem
296 2648 342 2688 vs.
362 2630 403 2687 25
424 2649 491 2688 oum
509 2630 616 2689 Aesch.
637 2648 679 2689 vs.
701 2630 818 2705 scssq.
839 2631 869 2688 et
891 2647 935 2688 vs.
955 2632 997 2689 30
1016 2624 1226 2703 εὐκάρποιο
1249 2623 1343 2700 γαίαε

165 2735 232 2775 cum
250 2736 294 2777 vs.
314 2720 377 2777 369
406 2713 669 2792 καλλικάρπου
690 2713 838 2776 (ικελίαε.

255 2806 360 2866 Vsus
379 2802 615 2880 παρεόντων.
642 2808 723 2865 Αιιίο
739 2805 885 2866 (lebetum
897 2805 1014 2887 Ooraes,
1032 2808 1163 2866 lettres
1182 2806 1342 2866 ineditos

165 2917 193 2971 p.
209 2896 261 2968 38,
278 2896 404 2954 coniecit
423 2889 511 2970 παρ’
530 2891 703 2957 ἰδόντων.
760 2973 762 2978 Ι

253 2985 306 3045 Vs.
325 2988 368 3045 40
392 2981 554 3061 ἑθελήεαι(
577 2986 677 3046 ταῦτα
701 2981 767 3065 νόῳ
793 2983 918 3060 τιθέμεν
942 2981 1135 3059 εὔανδρον
1162 3002 1197 3046 τε
1224 2981 1341 3060 χώραν.

167 3075 294 3132 Frustra
312 3074 502 3134 Hermannus
523 3075 648 3135 coniecit
666 3071 858 3149 εὐανδροῦν,
878 3076 955 3151 quod
975 3077 1100 3136 verbum
1119 3074 1266 3147 Graecum
1283 3094 1343 3133 non

169 3166 222 3223 est.
250 3163 313 3222 Nec
331 3163 494 3238 quidquam
512 3164 699 3223 mutandum.
731 3163 858 3223 Prorsus
882 3164 978 3223 simile
998 3168 1044 3224 est
1067 3155 1192 3241 zeugma
1211 3162 1254 3223 01.
1269 3164 1284 3221 I
1300 3165 1341 3222 88

169 3248 255 3310 ἕλεν
271 3245 299 3310 δ’
314 3247 475 3325 Οἰνομάου
492 3248 562 3327 βίαν
576 3251 739 3328 παρθένον
753 3268 788 3312 τε
803 3249 965 3326 τύνευνον,
977 3256 1007 3312 et
1021 3256 1101 3313 recte
1115 3255 1175 3312 iam
1186 3251 1343 3312 Schneide-

166 3341 226 3400 win
255 3343 439 3417 comparavit
466 3342 538 3401 Eur.
561 3342 672 3401 Phoen‘.
697 3345 770 3403 951.
808 3343 879 3401 Alia
905 3345 1071 3419 zeugmatis
1100 3343 1235 3418 exempla
1262 3341 1342 3418 apud

166 3434 302 3490 nostrum
321 3432 394 3491 haec
413 3435 495 3491 sunt:
514 3432 604 3508 Pyth.
620 3431 694 3490 VIII
715 3435 754 3491 19
775 3427 974 3506 έετεφανω
981 3429 1097 3505 μένον
1116 3427 1193 3510 ποίᾳ
1211 3429 1341 3506 Παρνα-

168 3515 226 3577 tior
246 3515 368 3593 Δωριεῖ
386 3537 421 3580 τε
440 3510 545 3599 κῶμῳ.
575 3519 754 3596 PythX39
775 3517 883 3595 χοροὶ
902 3519 1072 3595 παρθένων
1087 3520 1186 3596 λυρᾶν
1200 3516 1341 3595 τεβοαί

166 3604 330 3682 καναχαί
348 3602 381 3668 τ’
399 3603 508 3668 αὐλῶν
528 3605 746 3681 δονέονται,
770 3609 830 3669 nisi
848 3610 925 3668 forte
944 3611 985 3670 ibi
1003 3611 1164 3687 legendum
1182 3613 1229 3669 est
1246 3610 1342 3668 mute-

167 3697 247 3757 tione
266 3699 316 3758 vix
333 3699 398 3756 ulla
417 3697 484 3775 βοᾷ
503 3698 651 3777 καναχᾷ
669 3692 702 3756 τ’
720 3693 838 3758 αὐλῶν.
875 3699 959 3759 Nem.
978 3700 1022 3757 XI
1042 3704 1080 3758 11
1103 3694 1204 3774 ἄνδρα
1224 3693 1257 3757 δ’
1275 3694 1340 3771 ἐγὼ

167 3783 359 3862 μακαρίζω
379 3783 437 3862 μὲν
456 3781 572 3862 πατέρ’
591 3782 784 3866 Ἀρκεείλαν,
809 3785 915 3848 καὶτὸ
935 3786 1055 3863 θαητὸν
1074 3785 1170 3863 δέμαε
1190 3782 1341 3863 ἀτρεμίαν

166 3891 200 3933 τε
221 3873 387 3949 εύγγονον.
711 3877 712 3880 ’

254 3965 307 4023 Vs.
322 3968 364 4024 44
384 3961 521 4040 έλπομαι
536 3997 577 4008 -
595 3966 705 4041 βαλεῖν
722 4001 760 4009 -
777 3962 1019 4040 ἀμεύεαεθαι.
1047 3967 1229 4042 Recipiendo
1242 3967 1343 4024 fuerat

167 4054 251 4115 varia
268 4055 356 4113 lectio
376 4049 614 4129 άμεάεεεθαι,
638 4076 708 4115 nam
728 4047 837 4132 βαλεῖν
856 4057 937 4116 haud
956 4057 1045 4115 dubie
1063 4057 1199 4116 futurum
1218 4055 1266 4113 hic
1284 4056 1340 4128 est,

36 4206 45 4223 .
167 4163 226 4204 non
246 4144 384 4203 aoristus.

255 4234 345 4311 Pyth.
363 4233 410 4291 ΙΙΙ
430 4236 471 4292 34
496 4231 727 4310 ἐεΛακέρειαν.
765 4235 906 4295 Fortasse
929 4255 988 4295 non
1012 4236 1170 4295 fortuitum
1193 4237 1238 4294 est
1263 4234 1342 4309 quod

167 4322 270 4382 fabula
288 4324 343 4382 hoc
358 4323 500 4400 oppidum
513 4324 585 4383 fecit
605 4324 760 4384 Coronidis
779 4325 918 4399 patrium.
955 4325 1000 4386 Of.
1025 4322 1181 4400 λακέρυζα
1203 4320 1340 4398 κορώνη.

255 4411 306 4470 Vs.
323 4415 363 4472 74
383 4406 553 4488 ττεφάνοιτ
567 4410 643 4472 τοὺ(
662 4408 835 4488 ἀριετειίων
849 4411 1020 4489 Φερένικοε
1035 4411 1109 4475 έλεν
1121 4409 1218 4493 Κίρρᾳ
1236 4408 1340 4473 ποτέ.
