2864 4958
644 247 800 306 Pinnata.
1146 220 1149 226 ”
1264 259 1303 320 11

990 346 1003 377 0

92 431 95 436 ’
129 412 257 496 λαιὸνῖ)
276 413 368 493 άρμα.
398 418 456 477 Sed
471 417 636 478 sententiae
650 419 747 495 magis
761 420 900 480 convenit
918 422 1035 496 tempus
1053 442 1196 499 praesens
1215 445 1305 502 quam

128 509 271 582 acrisius,
301 508 449 584 siquidem
472 507 517 568 vis
546 508 687 582 temporis
715 528 775 569 non
803 512 850 569 eet
877 508 1048 590 subitanea,
1076 513 1129 573 sed
1156 515 1305 575 continua.

129 597 272 667 Quocirca
289 597 421 657 Pindaro
440 596 621 656 reddiderim
640 593 785 671 θραύοι.
1351 605 1354 610 ’

217 686 336 765 Olymp.
359 687 418 745 VII
442 690 460 746 θ
488 679 660 760 ἱλάςκομαι.
698 686 795 747 Sehol.
822 681 954 763 ἱλαροὺς
983 689 1075 750 ποιῶ,
1119 693 1228 753 Dissen
1254 689 1304 754 εύ-

128 771 265 853 φραίνω.
301 776 417 835 Neuter
436 775 510 835 satis
529 778 619 834 recte.
646 774 753 835 Verte:
777 777 959 852 propitios
978 780 1067 838 mihi
1091 782 1215 857 reddo,
1240 785 1306 842 tan-

128 885 218 944 quam
240 865 324 940 deos,
348 884 422 941 quos
447 864 565 941 hymnis
591 865 781 926 honoramus.
825 864 1047 943 Olympionices
1075 870 1183 932 divinis
1211 891 1304 948 paene

127 956 290 1031 honoribus
310 954 417 1015 Graeci
435 953 700 1030 prosequebantur.
1321 1025 1326 1035 .

216 1044 267 1105 Vs.
285 1048 327 1105 20
345 1041 515 1119 ἐθελήςω
529 1074 567 1084 -
580 1042 748 1117 διορθῶςαι
764 1037 874 1116 λόγον.
901 1045 996 1106 Verte
1010 1047 1176 1108 conabor.
1203 1048 1305 1110 Verba

128 1135 207 1194 enim
230 1135 376 1195 volendi
400 1133 432 1192 in
455 1133 557 1192 futuro
580 1136 726 1209 usurpata
749 1134 825 1193 hanc
847 1136 997 1195 notionem
1021 1137 1145 1197 induere
1164 1139 1304 1199 assolent.

129 1225 224 1300 Saepe
243 1224 285 1283 sic
305 1221 510 1299 βουλήςομαι,
534 1242 562 1282 v.
581 1241 604 1281 o.
624 1221 717 1281 Arist.
736 1223 816 1282 Plut.
836 1226 900 1284 290
924 1221 975 1284 καὶ
998 1224 1060 1301 μὴν
1078 1224 1143 1300 ἐγὼ
1168 1226 1304 1304 βουλή·
1353 1269 1360 1275 -

128 1330 238 1389 ςομαι
261 1308 335 1386 κτὲ.,
363 1312 472 1389 quibus
498 1310 632 1371 Carionis
651 1311 751 1372 verbis
770 1313 932 1389 respondet
954 1314 1075 1376 chorus:
1101 1312 1190 1391 ἡμεῖς
1216 1315 1250 1378 δέ
1270 1311 1305 1389 γ’

128 1398 167 1463 ού
187 1400 399 1478 ζητήςομεν
418 1396 480 1461 κτὲ.

216 1493 267 1552 Vs.
284 1494 325 1551 83
345 1484 410 1550 ὅτ’
424 1486 460 1550 έν
479 1484 587 1564 Ἄργει
604 1486 723 1563 χαλκὸς
741 1485 839 1563 ἔγνω
855 1508 913 1552 νιν.
940 1492 1072 1552 Vertunt
1090 1495 1192 1555 novit
1210 1514 1305 1574 eum,

129 1583 181 1643 sed
200 1583 247 1641 cll.
265 1581 338 1641 locis
359 1577 404 1638 Ol.
423 1579 467 1638 VI
487 1581 527 1638 89
549 1582 578 1638 et
596 1579 671 1639 XIH
691 1583 709 1640 3
734 1581 785 1640 vix
808 1581 960 1642 dubitabis
985 1601 1100 1642 meeum
1119 1583 1166 1642 hio
1185 1604 1303 1661 quoque

127 1689 289 1748 agnoscere
312 1669 422 1727 mirum
440 1668 527 1727 illum
547 1670 577 1726 et
594 1670 776 1744 peculiarem
794 1689 882 1730 usum
900 1672 985 1732 verbi
1012 1667 1198 1745 γιγνώςκειν
1225 1674 1304 1750 apud

127 1761 301 1830 Pindarum,
321 1778 379 1834 quo
400 1757 549 1834 significat
568 1758 705 1816 clarum
724 1759 886 1823 reddere.

77 1856 79 1860 ·
215 1848 267 1908 Vs.
289 1850 327 1907 73
351 1842 514 1922 Κάμειρον.
550 1846 661 1906 Veram
679 1849 808 1907 nominis
832 1850 960 1908 formam
979 1868 1045 1910 esse
1065 1845 1203 1926 Κάμιρον
1222 1853 1304 1913 tituli
1383 1855 1386 1862 '

127 1939 343 1998 demonstrant.
381 1936 424 1997 Cf.
443 1935 566 2011 Lepid.
585 1939 670 1997 test.
689 1939 731 1997 de
750 1939 833 1998 dial.
853 1938 926 1998 Att.
945 1960 971 2014 p.
995 1941 1045 2000 25.

174 2105 176 2109 Ι
216 2027 268 2088 Vs.
289 2028 329 2086 93
355 2024 394 2101 μὴ
414 2021 531 2099 κρύπτε
556 2022 689 2086 κοινὸν
713 2022 827 2101 ςπέρμ’
855 2022 920 2087 ἀπὸ
941 2022 1185 2089 Καλλιάνακτος.
1221 2031 1302 2090 Duce

126 2117 222 2180 veteri
246 2115 408 2176 scholiasta
431 2106 485 2194 (μὴ
510 2110 628 2190 κρύπτε
651 2112 689 2175 τὸ
711 2113 820 2177 κοινὸν
840 2113 890 2176 καὶ
909 2112 1063 2192 διάδηλον
1081 2119 1149 2178 τοῖς
1168 2118 1304 2180 πολλοῖς

127 2225 153 2268 τ.
171 2203 200 2267 Κ.
216 2201 325 2282 γένος)
340 2204 532 2280 interpretari
546 2206 645 2264 solent
662 2206 825 2280 illustre,
843 2209 966 2266 notum
985 2208 1165 2283 omnibus,
1183 2211 1304 2284 praeter

125 2296 298 2373 Ionghium,
322 2295 373 2370 qui
396 2294 547 2369 propriam
570 2296 707 2354 vocabuli
729 2296 791 2356 vim
814 2314 990 2372 agnoscens,
1015 2296 1150 2357 sednon
1173 2299 1304 2358 sentiens
1327 2330 1334 2334 ·

126 2388 310 2463 quantopere
330 2402 365 2442 ea
382 2383 465 2442 notio
485 2383 532 2442 hio
550 2385 703 2460 langueat,
722 2386 815 2444 vertit
832 2405 1059 2446 communem.
1093 2386 1160 2445 Non
1179 2387 1303 2447 dubium

127 2475 263 2536 existimo
283 2474 354 2550 quin
372 2471 523 2531 Pindarus
546 2472 700 2548 scripserit
723 2469 849 2534 κλεινόν
874 2467 926 2554 (an
945 2468 1109 2555 κλεννόν),
1135 2476 1214 2551 quod
1237 2496 1304 2535 oum
1386 2523 1397 2547 ,

125 2559 237 2626 καινόν
252 2566 283 2623 et
297 2556 406 2622 κοινόν
420 2564 565 2640 perpetuo
580 2562 719 2620 confundi
733 2564 810 2622 solet
824 2583 843 2621 a
856 2563 996 2624 librariis.
1026 2563 1068 2622 Ut
1082 2565 1130 2623 hic
1145 2561 1303 2639 κρύπτειν,

126 2655 169 2714 sic
186 2655 351 2729 usurpatur
370 2652 460 2710 etiam
479 2646 661 2726 καλύπτειν,
679 2671 707 2711 ν.
727 2671 751 2713 ο.
769 2670 816 2728 ap.
836 2652 926 2729 Soph.
946 2650 980 2714 Ο.
1000 2652 1031 2712 Ο.
1052 2655 1133 2733 282,
1150 2654 1203 2713 ubi
1222 2658 1307 2713 reete*

128 2744 217 2805 schol.
237 2743 455 2817 interpretatur
475 2734 652 2815 ἀφανίζειν.

215 2831 333 2908 Olymp.
347 2829 424 2888 VIII
441 2833 478 2889 11
501 2826 581 2904 μέγα
599 2846 648 2889 τοι
668 2827 761 2890 κλέος
780 2824 849 2905 αἰεί,
870 2826 896 2910 ᾧ
914 2847 975 2891 τινι
990 2827 1046 2891 τὸν
1060 2828 1156 2906 γέρας
1172 2825 1304 2907 ἕςπητ’

127 2917 259 2995 ἀγλαόν.
288 2920 398 2995 Bergk,
418 2919 470 2994 qni
485 2920 555 2976 olim
570 2922 650 2978 recte
668 2920 892 2994 improbaverat
909 2922 1069 2995 pessimam
1088 2922 1215 2980 formam
1234 2940 1303 2982 ana-

127 3013 226 3089 logiae
245 3009 352 3069 Graeci
371 3008 516 3068 sermonis
537 3015 770 3084 repugnantem,
789 3027 880 3085 quam
899 3009 1016 3069 librarii
1034 3009 1082 3069 hio
1100 3009 1162 3069 illic
1185 3011 1217 3069 in
1235 3012 1303 3070 Pin-

126 3102 232 3161 darum
247 3099 381 3174 aliosque
399 3099 580 3174 intulerunt,
598 3101 703 3173 postea
716 3099 892 3157 retractavit
911 3099 1100 3158 sententiam.
1127 3099 1303 3176 Legendum

125 3194 198 3269 pute
219 3185 307 3268 ᾧτινι
326 3183 382 3246 τὸν
401 3180 503 3261 γέρας
518 3182 561 3246 ἂν
581 3181 690 3262 ςπῆτ’
709 3181 840 3259 ἀγλαόν.
879 3186 924 3247 01.
942 3187 986 3246 IX
1006 3190 1046 3247 83
1071 3183 1173 3261 τόλμα
1197 3187 1232 3248 δὲ
1252 3186 1302 3248 καὶ

125 3274 313 3355 ἀμφιλαφὴς
328 3272 459 3349 δύναμις
476 3271 487 3353 ΙΙ
505 3272 653 3350 Είποιτο,
668 3295 741 3336 vera
753 3277 842 3335 lectio
856 3276 977 3336 videtur
991 3273 1170 3337 (YCuouo.
1195 3279 1301 3337 Isthm.

125 3369 153 3427 V
170 3370 210 3427 36
230 3367 330 3443 Bergk
344 3365 375 3423 in
390 3364 435 3424 ed.
450 3364 480 3423 II
498 3367 578 3424 recte
597 3364 721 3450 dederat
739 3359 911 3438 ἔπραθον
930 3360 1113 3438 ςπόμενοι
1132 3385 1185 3441 pro
1205 3363 1301 3441 πρά·

126 3461 194 3520 θον
213 3451 303 3516 ἑςπό
310 3470 431 3528 μενοι,
456 3473 545 3530 quem
562 3453 753 3513 librariorum
772 3472 903 3513 errorem
921 3454 1073 3514 revocavit
1091 3455 1122 3513 in
1141 3456 1186 3515 ed.
1205 3455 1252 3514 HI
1272 3460 1303 3516 et

124 3548 176 3606 IV.
213 3545 371 3605 Difficilius
390 3545 471 3604 dictu
491 3546 537 3603 est
556 3563 613 3619 quo
632 3546 719 3620 pacto
731 3544 889 3604 sanandus
909 3545 949 3603 sit
966 3545 1049 3604 locus
1069 3544 1175 3604 Isthm.
1195 3545 1239 3604 VI
1261 3548 1300 3605 17

123 3633 189 3709 ἐγὼ
216 3630 249 3692 δ’
278 3629 456 3708 ὑψίθρονον
477 3629 595 3693 Κλωθὼ
624 3631 811 3708 καςιγνήτας
839 3651 874 3693 τε
903 3630 1111 3707 προςεννέπω
1145 3631 1301 3696 ςπέςθαι

123 3723 283 3786 κλυταῖς
300 3717 311 3800 ΙΙ
329 3717 446 3796 ἀνδρὸς
466 3718 582 3797 φίλου
603 3717 726 3796 Μοίρας
741 3718 903 3797 ἐφετμαῖς,
922 3723 974 3782 ubi
993 3741 1133 3782 numeros
1146 3724 1204 3782 riri
1222 3725 1301 3783 docti

123 3815 316 3875 correxerunt
334 3812 461 3888 legendo
481 3831 548 3870 cum
567 3811 688 3872 Pauwio
707 3808 897 3872 ἕςπεςθαι.
930 3812 1026 3871 Metro
1046 3812 1184 3871 convenit
1203 3829 1299 3887 προς-

123 3899 250 3965 εννέπω
270 3895 461 3962 αἰδεῖςθαι
480 3897 651 3960 κλυτὰς-
671 3896 823 3975 ἐφετμαῖς
843 3893 978 3981 (Aeoliae
998 3925 1040 3948 ==
1059 3895 1229 3982 ἐφετμάς),
1249 3904 1301 3962 sed

122 3995 250 4054 sortasse
260 3992 395 4065 praestat
403 3993 611 4066 transponere:
626 3987 835 4064 προςεννέπω
845 3984 963 4064 ἀνδρὸς
978 3984 1167 4064 φιλτάτου
1185 3986 1196 4070 ΙΙ
1214 3989 1300 4051 ςπέ-

123 4086 205 4144 ςθαι
224 4074 383 4140 κλυταῖς
402 4075 496 4156 (recte
510 4073 625 4160 Bergk)
643 4075 767 4154 Μοίρας
781 4077 942 4155 ἐφετμαῖς.
977 4078 1132 4140 Soloecum
1147 4084 1202 4159 est,
1221 4080 1301 4156 quod

123 4173 194 4232 olim
212 4167 371 4248 proposuit
384 4168 494 4245 Bergk,
514 4163 652 4242 έψεςθαι.
681 4167 796 4244 Quippe
814 4172 884 4245 post
901 4169 993 4230 verba
1010 4170 1159 4246 precandi,
1178 4168 1300 4228 iubendi

125 4264 156 4320 et
176 4258 316 4319 hortandi
333 4257 481 4316 infinitivo
500 4258 602 4341 futuri·
613 4258 695 4318 locus
714 4277 774 4317 non
793 4261 847 4318 est.

211 4347 263 4407 Vs.
282 4349 322 4407 81
346 4343 442 4423 Ἑρμᾶ
466 4344 501 4407 δὲ
526 4345 683 4423 θυγατρὸς
706 4341 853 4407 άκούςαις
883 4339 989 4423 Ἰφίων
1007 4341 1172 4420 Ἀγγελίας
1191 4341 1300 4407 ἐνέποι

123 4454 179 4501 κεν
201 4430 390 4516 Καλλιμάχῳ
411 4434 547 4513 λιπαρὸν
566 4432 683 4514 κόςμον
702 4431 858 4516 Ὀλυμπίᾳ
877 4432 938 4497 κτὲ.
971 4437 1077 4513 Iphion
1095 4437 1223 4497 fortasse
1241 4436 1300 4496 fuit
