2864 4958
177 250 218 314 18
605 253 638 306 Η.
658 269 713 308 van
730 253 911 313 Herwerden:

175 421 255 479 foret
273 420 433 483 idoneum?
464 421 533 479 Non
551 424 632 496 pute,
652 426 683 480 et
701 422 756 481 hoc
774 441 880 481 revera
899 422 982 498 dixit,
1002 423 1127 483 sirecte
1147 427 1259 489 conieci
1277 431 1358 495 hanc

175 509 269 568 fuisse
288 513 394 585 poetae
412 529 547 571 manum:
567 505 731 585 ὀρφανίζει
751 507 809 584 μὲν
828 511 941 571 κακᾶς
970 510 1146 583 γλῶςςαν
1174 517 1356 590 φαεννὰν
1388 554 1402 577 .

174 592 280 672 ὀπός,
313 599 333 660 i.
361 618 385 661 e.
418 599 570 659 liberam
604 602 727 661 servet
755 619 774 658 a
800 601 1060 660 maledicentia
1088 604 1224 665 claram
1251 626 1356 671 suam

171 702 301 747 rocem.
339 687 484 749 Similiter
510 692 599 764 poeta
626 707 698 749 usus
722 692 769 749 est
796 690 942 771 adiectiva
968 685 1115 765 ὀρφανός
1137 692 1242 757 Isthm.
1265 697 1352 760 IV‘7

173 771 340 851 ὀρφανοὶ
364 773 503 852 ὕβριος.
756 778 757 781 ’

260 858 314 926 Vs.
334 868 397 926 275
421 863 469 925 τὶν
486 864 523 927 ,δὲ
547 862 696 927 τούτων
714 863 941 944 ἐξυφαίνονται
961 862 1094 943 χάριτες.
1130 869 1246 933 Iniuria
1265 877 1351 936 dubi-

172 957 270 1015 tatum
281 959 336 1019 ,est
355 954 391 1015 de
409 956 498 1015 huius
517 957 602 1015 verbi
625 957 762 1017 sanitate.
796 957 840 1018 Cf.
860 958 948 1033 Pyth.
962 957 1006 1015 IV
1024 961 1085 1018 140
1103 950 1203 1039 (Nem.
1218 962 1264 1020 IV
1278 960 1349 1047 45),

173 1045 223 1104 sed
246 1064 305 1104 non
328 1045 402 1104 satis
425 1048 527 1121 aptum
553 1049 599 1106 est
621 1042 755 1107 τούτων.
792 1046 1008 1123 corrigendum
1031 1065 1136 1109 censeo
1157 1046 1279 1111 τούτω
1304 1049 1348 1127 γ’,

171 1134 234 1194 scil.
257 1133 315 1200 τοῦ
339 1128 416 1195 θεόν
440 1151 487 1194 ςοι
513 1135 730 1210 κυβερνατῆρα
758 1134 911 1208 γενέςθαι.
952 1136 1062 1196 Dorica
1088 1139 1221 1215 genetivi
1249 1141 1347 1200 forma

172 1223 291 1282 induxit
308 1223 454 1284 librarios.
492 1223 536 1284 of.
555 1224 656 1300 Bergk
675 1225 712 1283 ad
731 1245 775 1286 vs,
795 1227 857 1284 255
877 1227 905 1287 h.
925 1246 948 1285 c.
1405 1231 1408 1238 '

259 1312 312 1372 Vs.
328 1315 389 1372 291
406 1311 480 1372 λῦςε
495 1310 530 1371 δὲ
546 1309 628 1373 Ζεὺς
643 1306 805 1387 ἄφθιτος
820 1311 963 1375 Τιτᾶνας.
986 1315 1101 1375 Iniuria
1115 1316 1217 1393 Bergk
1229 1320 1349 1379 mavult

171 1395 398 1476 ἀφθίτους.
440 1401 595 1461 Sententia
623 1403 702 1461 enim
725 1405 798 1463 haec
816 1407 877 1464 est:
906 1398 1056 1464 ‘summus
1075 1405 1147 1464 deus
1165 1407 1346 1467 immortalis

168 1490 294 1550 vinculis
309 1491 400 1551 solvit
414 1490 552 1569 Titanas,
570 1493 622 1567 qui
639 1492 800 1552 insolentie
816 1494 915 1569 ipsum
934 1494 1098 1568 laeserant3
1117 1497 1186 1554 tune
1205 1497 1343 1555 mortalis

169 1580 256 1638 exilio
274 1599 335 1639 non
353 1580 494 1640 liberabis
513 1580 664 1640 hominem
681 1581 964 1660 innocentissimum,
983 1579 1019 1643 ὃς
1041 1578 1158 1658 ἔμαθεν
1175 1577 1344 1659 ὑβρίζοντα

170 1663 317 1742 uitetur&
355 1667 398 1728 Of.
419 1670 492 1729 297.

258 1756 309 1816 Vs.
330 1759 403 1818 293.
437 1757 480 1818 Of.
501 1761 574 1818 270.

256 1846 346 1922 Pyth.
364 1847 391 1904 V
409 1850 447 1906 17
468 1841 517 1906 ὅτι
538 1844 681 1922 βαειλεὺς
702 1844 706 1928 ί
727 1845 788 1908 ἐςςι
808 1848 949 1922 μεγαλᾶν
964 1845 1090 1911 πολίιυν
1109 1848 1115 1924 Ι
1134 1844 1213 1924 ἔχει
1233 1867 1344 1924 ςυγγε-

169 1934 224 2010 νὴς
242 1927 245 2016 ί
263 1930 462 2011 ὀφθαλμὸς
479 1928 712 2018 ίαίδοιέςτατον
727 1935 832 2012 γέρας,
849 1939 906 2016 τεᾷ
921 1939 1018 1999 τοῦτο
1034 1935 1226 2015 μιγνύμενον
1241 1937 1347 2014 φρενί.

168 2025 225 2083 Vel
250 2027 382 2085 correcto
407 2044 474 2084 cum
500 2025 567 2085 aliis
592 2024 741 2100 ςυγγενές
772 2030 803 2086 et
830 2022 1047 2102 αἰδοιότατον,
1075 2029 1262 2103 probabilem
1282 2048 1348 2088 sen-

144 2107 145 2111 ’
167 2114 294 2174 tentiam
313 2133 349 2173 ex
373 2115 419 2174 his
440 2115 539 2175 verbis
559 2116 665 2176 elicere
684 2136 744 2177 non
767 2135 856 2194 queo,
882 2116 940 2176 nisi
964 2115 1054 2174 simul
1075 2117 1199 2174 mutatis
1224 2111 1291 2189 ἔχει
1316 2122 1349 2177 et

168 2198 350 2277 ὀφθαλμός,
371 2206 401 2262 et
420 2205 519 2264 deleta
538 2205 657 2280 virgula
675 2209 745 2281 post
763 2202 868 2279 γέρας.
901 2203 1030 2264 Conieci:
1049 2197 1148 2277 ἔχων
1167 2196 1249 2284 (ουιιι
1268 2205 1348 2264 Har-

167 2285 288 2372 tungio)
302 2289 451 2364 ςυγγενὲς
472 2292 477 2366 Ι
497 2294 693 2353 θνατοῑςιν
714 2293 718 2368 l
740 2291 889 2369 -γέρας
902 2287 1189 2373 red—operite.
1203 2293 1346 2355 habens

166 2380 434 2440 hereditarium
470 2383 569 2441 istud
601 2383 923 2444 honoratissimum
960 2382 1182 2442 mortalibus
1215 2403 1345 2442 munus

167 2489 244 2530 cum
268 2473 330 2528 tua
351 2471 513 2531 iunctum
537 2472 726 2548 sapientia.
763 2471 822 2531 Sed
843 2473 972 2533 fortasse
990 2471 1086 2531 lenius
1105 2470 1254 2547 corrigere
1272 2473 1347 2532 licet

166 2554 219 2634 όφ
231 2558 300 2620 θαλ
308 2559 395 2635 μοῖς
414 2552 583 2640 (hominum
597 2555 684 2642 scil),
703 2565 737 2621 ut
751 2564 840 2638 poeta
854 2561 1011 2622 admiserit
1023 2561 1188 2620 molossum
1201 2581 1255 2636 pro
1269 2562 1347 2620 anti-

165 2649 287 2708 bacchio
301 2668 360 2709 non
373 2651 463 2709 aliter
477 2670 566 2726 quam
580 2652 658 2710 infra
677 2654 800 2712 vs.100
819 2646 997 2729 suasores,
1015 2651 1040 2710 si
1058 2652 1139 2711 recte
1158 2668 1224 2708 eam
1243 2651 1346 2710 lectio·

164 2758 234 2797 nem
252 2738 349 2797 tuitus
368 2741 415 2798 est
433 2740 592 2816 Bergkius.
1249 2814 1251 2818 .

252 2826 307 2889 Vs.
321 2829 362 2887 33
378 2826 616 2904 ποδαρκέων,
630 2831 749 2891 νολοοί
762 2829 851 2906 pede
867 2822 1025 2910 (equorum
1040 2821 1093 2908 se.)
1107 2847 1341 2903 percurrens,

165 2917 276 2976 iniuria
294 2917 325 2975 in
344 2934 442 2977 ποτα
448 2915 570 2993 ρκέων
588 2919 709 2980 refinxit
726 2918 906 2980 Boeckhiua

254 3007 307 3066 Vs.
320 3010 381 3065 112
402 3002 517 3082 θάρςος
532 3006 567 3068 δὲ
582 3006 791 3084 τανυπτέροις
806 3005 841 3068 έν
856 3002 975 3083 ὄρνιξιν
990 3003 1095 3067 αἰετὸς
1110 3001 1240 3067 ἔπλετο·
1256 3000 1341 3078 ἀγω-

165 3089 245 3156 νίαις
265 3088 301 3153 δ’
320 3091 412 3169 έρκος
431 3091 515 3156 olor
535 3094 658 3169 ςθένος,
682 3098 701 3158 i.
721 3117 746 3155 e.
765 3093 801 3156 έν
821 3091 853 3154 δ’
872 3091 1024 3168 ἀγωνίαις
1043 3089 1175 3176 (ἔπλετο
1194 3095 1342 3155 τοιοθτος

164 3180 201 3244 τὸ
221 3179 354 3259 ςθένος),
374 3178 445 3244 οἷον
461 3178 607 3264 (πέλεται
624 3182 662 3244 τό
678 3178 803 3265 εθένος)
823 3181 923 3259 ἕρκος.
956 3185 1024 3243 Non
1038 3186 1119 3245 recte
1135 3185 1227 3261 igitur
1240 3185 1344 3261 Bergk

162 3272 194 3330 in
209 3273 254 3333 ed.
268 3272 345 3333 IVta
360 3273 515 3350 diremptis
534 3274 646 3340 litteris
667 3275 786 3352 scripsit
804 3267 858 3334 οἷ’
877 3270 932 3347 ὃν,
952 3274 983 3332 in
996 3292 1054 3350 quo
1069 3277 1226 3351 praeterea
1239 3274 1342 3349 inepte

163 3363 297 3422 abundat
315 3382 478 3440 pronomen
502 3366 713 3442 possessivum.
751 3365 814 3423 Neo
832 3363 943 3424 rectius
967 3364 1048 3424 idem
1072 3367 1205 3424 mutasse
1223 3364 1344 3424 videtur

164 3452 320 3527 vulgatam
339 3453 518 3529 scripturam
536 3474 579 3515 vs.
601 3459 662 3515 107
674 3475 717 3530 sq.

255 3541 306 3599 Vs.
329 3545 392 3600 120
411 3540 451 3617 μή
471 3540 670 3618 φθινοπωρὶς
690 3539 817 3618 ἀνέμων
836 3538 978 3619 χειμερία
996 3536 1161 3602 καταπνοὰ
1180 3532 1340 3613 δαμαλί·

163 3629 223 3691 Ζοι
247 3624 400 3704 χρόνον.
438 3630 641 3692 Probabiliter
659 3633 730 3693 olim
748 3632 867 3692 Heoker
886 3633 1014 3694 correxit
1032 3625 1172 3706 θρόνον
1190 3648 1245 3706 pro
1265 3623 1341 3703 χρό·

163 3735 235 3795 νον,
259 3721 312 3779 sed
335 3720 460 3780 verbum
479 3740 539 3780 non
558 3723 605 3781 est
623 3723 734 3784 sanius.
771 3722 919 3782 Graecum
935 3740 996 3781 non
1015 3720 1157 3798 estquod
1181 3715 1339 3794 aliquando

162 3810 318 3884 proposuit
341 3809 442 3887 Bergk
469 3806 667 3885 χθαμαλίζοι,
696 3811 749 3872 sed
771 3812 803 3870 in
827 3810 969 3871 eorvis
991 3812 1085 3871 edidit
1112 3800 1340 3869 δνοπαλίζοι

159 3891 319 3973 Ιπότμον.
357 3899 431 3958 Mihi
450 3901 549 3976 placet
567 3897 766 3977 πελεμίζοι
786 3894 936 3975 θρόνον.
973 3897 1016 3962 cf.
1034 3899 1119 3959 Nem.
1137 3895 1214 3957 VIII
1234 3899 1285 3956 28.

194 3999 196 4002 ·
251 3986 340 4063 Pyth.
360 3987 403 4046 VI
424 3992 462 4049 12
491 3984 550 4051 τὸν
575 3984 650 4050 οὔτε
679 3987 836 4065 χειμέριος
864 3983 983 4065 ὄμβρος
1009 3983 1176 4049 ἐπακτὸς
1203 3979 1338 4057 ἐλθών,

164 4071 333 4152 ἐριβρόμου
362 4075 503 4151 νεφέλας
531 4075 663 4154 ετρατὸς
691 4075 861 4155 ἀμείλιχος.
901 4079 961 4138 Per
983 4097 1016 4138 se
1038 4078 1203 4138 rectissime
1230 4072 1339 4131 dicitur

165 4162 296 4241 ςτρατός
316 4162 453 4226 έπακτός
472 4163 523 4248 (cf.
540 4170 648 4229 Aesoh.
667 4168 747 4245 Sept
763 4169 826 4229 583
842 4172 874 4228 et
889 4161 998 4249 1019),
1017 4166 1069 4228 sed
1087 4167 1191 4224 inhac
1208 4161 1339 4238 imagine

71 4328 73 4332 λ
164 4255 299 4332 ineptum
313 4256 345 4314 id
359 4274 423 4316 esse
436 4275 496 4317 non
509 4258 601 4319 latuit
614 4257 787 4335 Bergkium‚
805 4258 856 4334 qui
869 4257 967 4316 minus
981 4255 1107 4315 feliciter
1121 4253 1200 4329 olim,
1223 4254 1257 4310 ut
1274 4252 1339 4328 ipse

162 4347 287 4420 agnovit
305 4348 336 4406 in
355 4346 399 4407 ed.
419 4345 504 4424 IVta,
524 4349 648 4408 coniecit
666 4341 804 4426 έπᾳκτός
822 4348 870 4409 vel
890 4339 1008 4418 ἀικτός,
1032 4343 1133 4420 qualia
1151 4341 1298 4402 adiectira
1320 4358 1339 4397 a

161 4434 261 4495 verbis
288 4435 499 4520 intransitivis
514 4454 574 4496 non
604 4438 781 4498 formantur.
819 4436 895 4499 Mihi
916 4433 1036 4510 quidem
1059 4431 1140 4491 haud
1168 4431 1335 4507 displiceat:
