2864 4958
610 248 767 304 Pindarica.
983 315 987 322 .
1251 250 1270 312 9

97 414 133 478 ἐν
153 413 268 492 χερὸε
288 411 378 495 ἀκμᾷ,
399 419 506 494 quibus
525 420 646 478 notaret
660 418 789 493 corporis
806 418 1061 496 defatigationem,
1078 436 1175 493 neque
1194 419 1273 493 quis·

98 526 189 584 quam
212 505 335 565 Pindari
358 509 452 566 lector
470 508 607 567 haerebit
623 508 654 566 in
678 527 777 582 praep.
798 503 833 566 ἐν
853 507 955 566 addita
975 507 1076 566 dativo
1095 507 1273 565 instrumen-

95 597 159 673 tali,
179 614 268 672 quem
286 615 375 655 usum
394 598 442 655 vel
460 597 493 655 in
511 596 652 656 diverbiis
671 597 793 655 admisit
812 595 981 672 Sophocles.

186 685 239 744 Vs.
260 686 300 744 85
321 680 495 760 φωνάεντα
515 685 697 744 ευνετοῖειν.
734 685 841 744 Aesch.
860 685 918 761 Ag.
938 687 978 744 39
1004 685 1155 758 μαθοῦειν
1175 680 1271 744 αὐδῶ.

182 774 235 834 Vs.
255 775 297 834 st
328 768 468 848 ἄκραντα
491 770 690 848 γαρύετον.
728 775 846 850 Merger
874 767 943 847 ‘der
966 774 1044 832 Dual
1072 775 1188 833 scheint
1219 793 1273 833 aus

95 864 279 925 metrischen
292 863 435 923 Grandem
453 864 585 939 geuthlt
601 864 663 921 und
682 864 735 922 hat
753 863 954 938 pluralischen
969 856 1066 921 Sinn'.
1094 863 1272 923 incredibile

70 964 73 969 '
96 957 143 1014 est
164 954 214 1014 vel
237 953 325 1012 hodie
347 954 473 1028 reperiri
497 954 549 1030 qui
571 953 739 1012 istiusmodi
763 952 943 1011 sententiam
966 955 1121 1029 tueantur,
1147 973 1205 1012 non
1228 973 1272 1012 re·

95 1045 235 1120 putantes
268 1045 414 1118 quantum
446 1042 488 1102 sic
520 1043 677 1102 statuendo
712 1043 855 1117 derogent
882 1043 983 1117 magni
1010 1045 1116 1117 poetae
1143 1043 1272 1118 ingenio,

96 1131 229 1191 numeris
256 1131 369 1192 scilicet
397 1132 491 1191 coacti
518 1135 552 1190 ut
581 1135 691 1190 certam
722 1134 753 1189 et
781 1133 969 1190 constantem
997 1133 1140 1191 sermonis
1172 1132 1272 1207 legem

96 1220 272 1296 turpissime
290 1220 425 1280 violaret.
455 1222 573 1298 Merger
587 1221 618 1279 in
632 1221 797 1280 sententiae
818 1237 888 1278 suae
903 1219 991 1277 fidem
1008 1221 1112 1279 laudat
1126 1221 1272 1296 Kruegeri

95 1328 221 1388 gramm.
245 1310 260 1369 I
285 1312 339 1383 63,
365 1311 383 1368 3
408 1329 434 1369 a.
461 1312 494 1382 3,
518 1311 570 1369 sed
594 1309 747 1384 aliquanto
771 1310 877 1368 melius
906 1328 960 1383 pro
984 1309 1101 1368 saniore
1125 1309 1273 1369 sententia

96 1399 254 1459 citabimus
265 1396 418 1457 Kuehneri
428 1399 515 1460 Ausi.
530 1399 660 1458 Gramm.
675 1399 706 1457 Il
721 1398 740 1471 ξ
757 1400 830 1472 368,
846 1401 875 1472 2,
889 1398 940 1472 qui
954 1399 1118 1473 prudenter
1133 1401 1162 1458 et
1177 1398 1272 1474 perite

39 1519 65 1562 g
97 1487 257 1548 locoshuc
284 1479 469 1563 pertinentes
493 1488 676 1548 diiudicarit
718 1489 758 1546 Bt
782 1488 857 1547 scire
885 1488 1030 1562 pervelim
1057 1489 1153 1563 qualis
1182 1489 1273 1547 fucrit

98 1596 187 1637 causa
200 1576 255 1636 illa
268 1577 401 1650 metrica,
421 1578 568 1653 siquidem
586 1578 618 1635 in
632 1579 773 1652 strophae
791 1577 850 1635 fine
869 1572 1028 1649 γαρύετον
1043 1578 1167 1636 eandem
1181 1578 1273 1637 habet

95 1685 266 1726 mensuram
292 1685 382 1742 quam
404 1664 581 1741 γαρύετε,
603 1668 638 1725 ut
661 1686 766 1727 canere
788 1666 888 1741 potuit
905 1668 994 1740 poeta
1012 1667 1192 1742 apostrophe
1212 1660 1271 1745 (in-

10 1795 11 1804 ,
96 1755 261 1832 dignationi
279 1755 308 1815 h.
327 1756 346 1814 l.
366 1757 454 1816 valde
473 1752 674 1835 convenienti)
692 1774 764 1815 usus
784 1757 822 1814 ad
841 1754 1036 1828 adversarios,
1056 1756 1118 1816 sive
1138 1756 1272 1815 indicati-

94 1865 166 1905 vum
188 1845 252 1905 sive
274 1863 390 1903 mecum
418 1846 629 1922 imperativum
649 1863 713 1905 esse
733 1845 836 1904 mavis.
874 1845 936 1903 Nec
955 1862 1025 1903 sane
1044 1837 1133 1920 longe
1157 1846 1271 1918 absum,

95 1933 168 2011 quin
191 1933 247 1994 hoc
264 1933 364 2009 ipsum
382 1938 502 2010 poetam
522 1934 676 2013 scripsisse
696 1934 837 2010 suspicer,
857 1933 1005 1994 siveram
1024 1937 1071 1993 cst
1090 1933 1271 1994 Simonidem

96 2023 263 2082 Theronem
282 2042 349 2083 cum
363 2023 494 2083 Hierone
508 2025 539 2083 in
554 2026 683 2100 gratiam
701 2023 863 2095 reduxisse,
881 2023 983 2098 itaque
1002 2023 1108 2082 merito
1124 2023 1160 2082 de
1174 2024 1272 2099 lcngh

94 2111 224 2188 explosit
246 2112 357 2171 veteris
382 2114 560 2173 scholiastae
583 2117 795 2187 commentum,
820 2112 939 2188 oblique
962 2112 1010 2170 hic
1033 2113 1119 2188 tangi
1143 2115 1273 2188 aposta

96 2201 277 2262 Simonidem
296 2204 387 2278 atque
406 2203 617 2280 Bacchylidem
630 2207 666 2263 ut
685 2221 753 2262 suos
775 2198 1000 2262 obtrectatores.
1030 2200 1126 2271 Quam
1144 2202 1272 2278 impera-

93 2291 150 2351 tivi
178 2291 304 2350 formam
331 2291 433 2368 Bergk
462 2293 493 2351 in
521 2294 566 2352 ed.
593 2292 671 2352 IVta
693 2311 748 2368 pro
775 2287 934 2366 γαρύετον
961 2291 1179 2350 restituendam
1207 2311 1272 2351 esse

94 2380 264 2456 suspicatur
280 2378 455 2455 γαρυέτων,
475 2381 629 2457 antiquam
644 2381 799 2441 Graeciam
813 2381 934 2440 novisse
950 2372 1000 2460 (cf.
1019 2374 1118 2440 ἔετων
1133 2384 1164 2439 et
1177 2373 1270 2462 ἴτων)

93 2469 182 2529 nimis
196 2469 344 2528 incertum
355 2473 409 2531 est.
430 2467 588 2544 Γαρύετον
603 2473 628 2531 si
643 2472 708 2548 quis
723 2472 835 2544 tuetur,
851 2469 996 2545 suspicari
1009 2470 1098 2528 debet
1108 2470 1272 2528 Pindarum

94 2558 244 2634 cogitasse
263 2557 336 2618 duos
356 2562 460 2633 poetas
480 2557 630 2636 aequales,
650 2580 776 2636 quorum
794 2560 915 2616 nomina
933 2558 1021 2616 hodic
1041 2576 1094 2616 nos
1114 2559 1235 2618 lateant.

181 2646 233 2707 Vs.
255 2648 295 2730 θδ
323 2642 393 2707 ἀλλ’
412 2642 505 2708 αἶνον
529 2645 629 2725 ἐπέβα
649 2646 744 2724 κόροι
763 2643 806 2708 ,ού
832 2641 902 2725 δίκᾳ
921 2642 1168 2721 ευναντόμενοε,
1189 2642 1272 2707 ἀλλὰ

94 2730 225 2810 μάργων
241 2729 298 2796 ὑπ’
312 2730 449 2812 ἀνδρῶν,
463 2734 501 2797 τὸ
516 2736 691 2814 λαλαγῆεαι
707 2736 829 2800 θέλων
845 2733 970 2811 κρύφον
984 2752 1024 2795 τε
1041 2734 1155 2811 θέμεν
1170 2733 1271 2812 ἐτλιῐιν

50 2830 52 2835 “
93 2825 204 2885 καλοῖ(
227 2820 343 2899 ἐργοιι.
379 2827 498 2902 Merger
522 2828 631 2904 aliique
650 2830 714 2888 loeo
734 2825 897 2903 Sophocleo
917 2823 950 2884 Ο,
972 2824 1001 2884 θ.
1022 2827 1085 2884 442
1110 2823 1152 2885 τὸ
1178 2826 1271 2901 δρᾶν

93 2910 153 2974 οὐκ
180 2907 337 2989 ἠθέληταν
365 2917 446 2974 tueri
472 2935 503 2976 se
531 2920 640 2993 putant
667 2914 704 2976 τὸ
730 2915 905 2988 λαλαγῆεαι
934 2908 1055 2974 ’θέλων
1099 2914 1156 2973 Sed
1183 2916 1271 2975 istius

93 3021 208 3078 versus,
226 3022 286 3063 non
304 3005 360 3062 hac
379 3006 444 3063 sola
463 3006 499 3064 dc
519 3025 609 3066 causa
627 3006 766 3081 Sophocli
785 3023 832 3063 me
850 3004 947 3062 iudice
966 3003 1169 3079 abiudicandi,
1188 3006 1271 3063 testi-

93 3092 227 3152 monium
246 3111 359 3153 recuso.
388 3094 530 3170 Hartung
549 3097 674 3155 coniecit
692 3087 1032 3167 cataractariorum&
1052 3087 1182 3167 μάργων
1201 3088 1271 3169 γὰρ

93 3175 222 3254 ἀνδρῶν
235 3177 273 3240 τὸ
288 3180 472 3258 λαλαγῆται,
485 3180 607 3245 ἐθέλειν
622 3181 746 3259 κρύφον
756 3199 791 3242 τε
802 3179 897 3258 θέμεν
914 3178 1015 3241 ἐελιῖιν
1030 3180 1140 3254 καλοῖ(
1156 3177 1270 3259 ἐργοιε,

93 3271 172 3347 quod
195 3288 256 3331 non
283 3271 430 3330 satisfecit
457 3273 587 3348 Bergkio
612 3275 641 3331 in
666 3275 710 3333 ed.
733 3273 811 3332 IVta
840 3271 1001 3346 corrigenti
1029 3265 1112 3329 ἀλλὰ
1140 3266 1270 3345 μάργων

92 3355 155 3434 γὰρ
174 3353 302 3433 ἀνδρῶν
320 3356 359 3420 τὸ
378 3359 552 3437 λαλαγῆεαι
572 3359 683 3423 θέλειν,
696 3358 821 3435 κρύφον
840 3377 875 3420 τε
895 3357 998 3433 θέμεν,
1019 3359 1050 3416 in
1064 3377 1122 3434 quo
1136 3359 1272 3418 audienti

91 3448 258 3524 periculum
277 3452 399 3509 eratne
417 3470 574 3527 perperam
600 3452 740 3528 iungeret
762 3446 800 3508 τὸ
820 3446 926 3510 θέλειν
945 3446 1121 3521 λαλαγῆεαι
1146 3444 1271 3530 κρύφον
1351 3497 1354 3501 ,

91 3554 127 3596 τε
146 3534 250 3611 θέμεν.
287 3538 361 3597 Mihi
379 3541 462 3599 uenit
482 3541 512 3599 in
531 3544 676 3600 mentem:
701 3533 771 3599 ἀλλ’
792 3533 884 3599 αἶνον
903 3534 1003 3611 ἐπέβα
1027 3531 1122 3610 κόροε
1141 3533 1180 3596 ού
1201 3533 1271 3617 δίκᾳ

93 3621 328 3700 ωναντόμενοε
347 3623 493 3689 -mla
512 3625 643 3704 μάργων
662 3625 723 3704 γάρ
744 3623 872 3702 ἀνδρῶν
891 3624 928 3686 τὸ
949 3624 1125 3700 λαλαγῆεαι
1140 3660 1190 3700 -,
1211 3621 1270 3688 ’θέ-

93 3714 160 3774 λων
179 3709 304 3790 κρύφον
323 3714 481 3791 τιθέμεν
500 3714 561 3778 κτὲ.
590 3719 657 3777 Non
672 3719 750 3776 male
764 3718 822 3793 ipsi
837 3711 931 3795 κόρῳ,
946 3719 981 3774 ut
995 3716 1133 3792 arbitror,
1154 3717 1270 3775 tribuas

92 3804 271 3864 obscurandi
302 3807 455 3881 praeclare
485 3808 565 3867 facta
598 3808 793 3869 voluntatem.
839 3807 879 3864 Bt
906 3801 1031 3878 τιθέμεν
1058 3805 1118 3862 iam
1147 3805 1272 3864 coniecit

90 3891 294 3955 Hermannus.
716 3929 721 3936 -
1057 3902 1059 3907 '

181 3981 300 4059 Olymp.
310 3983 356 4042 III
367 3986 408 4042 42
429 3979 456 4044 εἰ
471 3978 499 4042 δ’
514 3980 668 4059 ἀριετεύει
689 3981 745 4059 μὲν
760 3980 857 4059 ὕδωρ,
877 3977 1020 4043 κτεάνων
1035 3979 1070 4041 δὲ
1086 3979 1200 4058 χρυεὸε
1216 3979 1269 4043 αἰ-

90 4067 326 4133 δοιέετατον.
345 4073 468 4133 Blibris
482 4075 633 4134 nonnullis
648 4075 832 4134 reuocandus
847 4075 965 4134 videtur
979 4075 1068 4133 nctus
1080 4072 1269 4132 Graecismus

92 4153 145 4242 (dc
164 4181 223 4239 quo
242 4163 279 4223 cf.
299 4160 448 4238 Kuehner,
467 4163 553 4223 Ausf.
568 4163 619 4223 Gr.
635 4161 654 4239 ἓ
670 4155 760 4244 363),
779 4183 869 4239 quem
887 4162 918 4221 in
937 4161 1062 4238 reliquis
1082 4161 1269 4221 oblitteravit

91 4252 358 4328 grammaticorum
367 4252 523 4312 cacozelia:
534 4247 677 4312 κτεάνων
688 4249 723 4311 δέ
736 4248 850 4326 χρυεὸτ
865 4248 1089 4312 αἰδοιέετατοε.
1108 4249 1270 4325 Perperam

89 4340 201 4417 Bergk.
211 4341 301 4417 Pyth.
313 4341 355 4399 XI
367 4343 407 4402 58
423 4343 555 4400 omnium
568 4342 714 4401 librorum
725 4335 861 4420 (excepto
872 4338 922 4418 Bi)
937 4341 1104 4412 lectionem,
1115 4339 1269 4413 cognitam

89 4429 183 4491 etiam
200 4429 391 4507 scholiastae,
410 4425 553 4492 κτεάνων
572 4426 777 4506 κρατίεταν
797 4426 890 4507 χάριν
905 4431 1033 4490 mutavit
1047 4428 1079 4487 in
1093 4422 1266 4503 κράτιετον.
