2864 4958
125 245 169 310 24
552 244 586 297 Η.
606 258 661 296 van
680 241 860 297 Herwerden:
961 209 964 215 Ι

125 415 291 492 potentiam
305 414 465 473 difficulter
475 431 525 472 eas
541 412 669 487 celatur,
683 410 822 470 maledici
835 411 913 470 enim
923 410 1011 484 cives,
1025 411 1174 486 habetque
1188 429 1302 489 magna

126 505 261 582 potentia
284 523 344 563 non
367 503 512 562 minorem
534 501 691 578 invidiam,
719 501 769 560 sed
794 500 948 559 humiliter
971 500 1104 559 viventes
1128 499 1177 559 vix
1204 501 1301 560 anim-

127 596 334 654 advertuntur.
363 590 406 652 cf.
422 592 512 667 Soph.
526 590 573 650 Αἰ.
593 587 673 665 πρὸ(
688 585 749 664 γὰρ
763 585 821 649 τὸν
836 582 947 662 ἔχονθ’
962 582 981 647 ό
995 583 1118 664 φθόνοε
1133 584 1222 663 ἕρπει
1236 587 1302 650 κτὲ.

128 682 209 743 Scire
227 685 328 742 autem
347 681 500 758 pervelim,
518 700 577 756 quo
591 682 678 756 pacto
692 678 742 756 qui
758 698 824 738 oum
840 678 958 756 scholiis
976 677 1106 755 antiquis
1125 678 1162 736 de
1181 677 1303 755 Clytae-
1381 679 1384 684 '

126 775 276 832 mnestrae
291 770 440 830 adulterio
455 770 505 847 agi
518 772 627 846 putant
640 769 740 828 ferant
752 786 796 827 vs.
811 768 852 827 26
872 761 1026 846 έχθιετον,
1044 767 1122 843 quod
1136 768 1180 826 ita
1197 771 1302 844 procul

94 878 97 882 ⁴
126 861 216 922 dubio
235 880 302 920 cum
320 859 456 920 Heokero
474 860 505 919 in
524 853 682 934 αίεχιετον
701 857 877 917 mutandum
895 856 982 917 feret.
1018 855 1055 915 In
1080 856 1216 916 versione
1234 877 1303 917 mea

126 951 233 1011 admisi
261 949 413 1026 Hartungi
441 949 678 1008 emendationem
706 944 804 1022 μέγα(
827 965 881 1022 pro
904 962 939 1006 τε
963 939 1038 1022 γάρ,
1066 962 1155 1021 quam
1179 949 1304 1023 propter

126 1059 253 1116 sequens
277 1035 316 1100 οὐ
330 1033 451 1113 ’μείονα
474 1036 672 1098 neeessariam
696 1055 761 1096 esse
784 1035 889 1096 iudico.
933 1034 1018 1105 Quod
1041 1034 1121 1094 idem
1143 1055 1197 1111 pro
1221 1030 1303 1110 ἷεχει

126 1129 250 1206 corrigit
275 1122 373 1204 κίεχει
400 1126 431 1186 id
458 1127 556 1185 minus
583 1125 787 1202 probaverim,
821 1125 891 1200 quia
917 1125 948 1182 in
975 1124 1117 1201 gravibus
1145 1125 1303 1185 sententiis

128 1219 275 1278 Pindarus
291 1219 423 1277 sectatur
437 1214 591 1293 asyndeta.
610 1247 653 1258 —
672 1208 821 1290 ἄφαντον
837 1210 950 1289 βρέμει.
978 1213 1090 1273 Eorum
1104 1233 1180 1291 quae
1195 1213 1304 1274 humili

128 1307 193 1368 loco
211 1307 276 1366 nati
293 1307 416 1380 faciunt,
434 1323 537 1364 rumor
554 1323 614 1364 non
632 1304 715 1364 venit
733 1305 770 1364 ad
789 1303 943 1364 hominum
960 1321 1057 1363 aures.

215 1397 267 1456 Vs.
288 1398 328 1457 41
356 1391 473 1469 Μοῐεα,
501 1390 538 1454 τὸ
567 1390 602 1452 δέ
629 1388 718 1468 τεόν,
752 1388 779 1453 εἰ
808 1391 930 1467 μιεθοῐο
958 1389 1088 1453 ευνέθευ
1117 1390 1304 1469 παρέχειν

126 1481 242 1562 φωνὰν
261 1478 462 1564 ὑπάργυρον,
485 1476 617 1543 ἄλλοτ’
640 1476 735 1561 ἄλλᾳ
760 1478 1009 1560 ταραεεέμεν,
1032 1480 1051 1556 ἢ
1076 1478 1171 1556 πατρὶ
1194 1480 1304 1543 Πυθο-

125 1571 203 1655 νίκῳ
231 1569 269 1635 τό
293 1590 330 1645 γε
354 1571 414 1636 νὺν
440 1571 459 1647 ἢ
485 1567 680 1651 Θραευόαίῳ,
728 1572 825 1631 Locus
852 1571 1051 1647 perobscurus
1070 1574 1110 1630 et
1137 1575 1327 1652 corruptus,¹

123 1684 180 1724 nec
199 1663 341 1724 sanabilis
361 1663 398 1722 iis
418 1663 596 1722 coniecturis
614 1680 689 1738 quas
707 1664 842 1736 recenset
861 1660 1011 1737 Bergkius
1030 1661 1061 1719 in
1080 1661 1124 1721 ed.
1143 1660 1227 1721 tha.
1268 1663 1306 1725 In
1327 1726 1333 1735 ,

125 1756 268 1831 promptu
286 1756 388 1813 tamen
412 1755 458 1811 est
476 1752 611 1811 facilest
629 1754 743 1812 certum
762 1750 934 1810 remedium.
962 1750 1123 1810 Manifesto
1142 1751 1221 1810 enim
1240 1772 1307 1813 ver-

124 1844 231 1903 borum
253 1861 346 1900 nexus
370 1843 446 1901 hauc
469 1842 604 1916 postulat
628 1841 820 1901 sententiam:
849 1838 897 1899 Ae
919 1839 1033 1924 Musa,
1057 1842 1156 1898 tuum
1179 1843 1247 1918 est,
1273 1842 1307 1902 si

125 1931 286 1993 mercede
314 1931 452 2008 pacisci
480 1931 590 2006 soles,
621 1929 871 2006 praebituram
899 1929 934 1987 te
962 1928 1054 1988 alias
1088 1928 1154 1988 alii
1181 1948 1307 1991 vocem

124 2021 245 2099 pretio
273 2021 497 2094 conductam,
525 2039 616 2079 nuno
643 2019 785 2095 quidem
815 2037 889 2079 eam
917 2018 1092 2093 praebere
1117 2021 1179 2077 aut
1205 2021 1307 2094 patri

124 2111 260 2172 victori
279 2113 343 2169 aut
361 2109 594 2186 Thrasydaeo
613 2101 681 2190 (qui
695 2126 774 2167 nunc
792 2110 823 2167 te
837 2098 1000 2188 conduxit).
1027 2107 1142 2183 Nempe
1157 2108 1308 2186 corrigen-

125 2202 209 2259 dum:
238 2198 356 2273 Μοῖεα,
383 2195 421 2259 τὸ
446 2195 481 2258 δὲ
505 2193 593 2273 τεόν,
622 2194 650 2258 εἰ
673 2197 794 2272 μιεθοῖο
819 2194 949 2257 ευνέθευ
978 2193 1161 2270 παρέχειν
1188 2193 1307 2272 φωνὰν

125 2284 312 2364 ὑπάργυρον
336 2281 451 2349 ἄλλοτ’
470 2281 572 2366 ἀλλῳ,
596 2282 837 2362 παραεχέμεν
861 2281 994 2360 ἢπατρλ
1017 2279 1186 2364 Πυθονίκῳ
1209 2282 1248 2346 τό
1267 2305 1306 2360 γε

124 2376 183 2438 νὺν
198 2376 217 2452 ἢ
233 2372 429 2456 Θραευόαίῳ.
459 2376 573 2446 Quibus
588 2377 664 2435 nihil
678 2378 725 2436 est
737 2375 865 2452 planius,
874 2394 928 2454 nec
942 2374 1170 2451 praeferendum
1184 2375 1307 2437 videtur·

127 2468 207 2544 quod
224 2467 309 2544 prius
334 2467 445 2526 conieci
467 2463 582 2542 γέρα(
605 2463 732 2541 θέμεν,
754 2465 774 2526 i.
793 2485 817 2524 e.
841 2466 1010 2525 honorem
1033 2465 1211 2542 tribuere,
1234 2466 1307 2526 licet

126 2576 163 2617 ne
186 2558 242 2616 hoc
266 2556 385 2632 quidem
408 2556 487 2616 male
515 2557 677 2633 legeretur.
713 2552 926 2617 cf.1schm.1
952 2556 1000 2614 14.
1040 2553 1099 2613 Sed
1121 2554 1251 2614 alterum
1274 2558 1307 2616 et

129 2646 257 2706 lenitate
276 2648 308 2704 et
326 2645 517 2722 simplicitate
536 2645 632 2721 magis
646 2645 878 2704 commendatur.

217 2735 253 2793 N
254 2737 413 2794 caecato.
423 2734 438 2792 I
449 2736 490 2793 24
506 2731 669 2807 λέλογχε
684 2730 719 2793 δὲ
735 2730 950 2809 μεμφομένοις
964 2728 1076 2792 ἐελοὺε
1090 2727 1177 2808 ὕδωρ
1192 2733 1306 2812 καπνῷ
1339 2743 1348 2750 ·

125 2821 238 2900 φέρειν
253 2817 371 2882 ἀντίον.
400 2822 497 2882 Locus
519 2823 681 2898 obscurior,
701 2824 754 2883 sed
774 2823 940 2883 sententiae
960 2822 1127 2904 subiectum
1142 2840 1208 2882 esse
1222 2815 1305 2896 ἀνὴρ

126 2907 309 2989 φιλόξεινο(
329 2904 401 2994 (20)
421 2902 456 2994 (i.
475 2932 499 2971 e.
520 2905 691 2993 Chromius)
711 2913 785 2975 satis
804 2915 917 2972 certum
936 2915 1024 2988 puto,
1051 2931 1104 2970 uec
1123 2911 1306 2971 audiendum

129 3022 195 3064 esse
208 3001 502 3076 Rauchensteinium‚
521 3003 571 3079 qui
586 3000 794 3061 Aristarchum
811 3006 931 3062 secutus
950 2999 1086 3075 λέλογχε
1106 3000 1306 3076 impersonale

128 3111 193 3152 esse
213 3095 244 3150 et
261 3091 445 3167 iungendum
464 3110 530 3150 cum
550 3091 651 3151 dativo
671 3091 830 3150 existimet.
867 3090 915 3149 Ad
938 3091 1073 3151 dativum
1097 3090 1176 3166 quod
1193 3090 1306 3150 attinet

124 3183 233 3240 testem
254 3199 359 3240 recuso
382 3179 559 3239 Strabonem
582 3179 624 3237 IX
647 3181 710 3238 443
735 3183 822 3256 extr,
851 3180 898 3239 cui
926 3180 962 3238 de
987 3179 1112 3254 antiqua
1135 3178 1300 3254 graecitate

124 3269 288 3330 testimonii
315 3269 404 3329 dictio
432 3288 491 3328 non
519 3271 577 3344 est,
602 3287 751 3346 quemque
774 3263 990 3329 ΔευκαλίωνΑ
1014 3287 1073 3326 non
1101 3263 1303 3330 Arruntium!

125 3360 242 3420 dedisse
256 3359 287 3417 in
301 3358 401 3419 verbis
416 3353 495 3419 ἔνιοι
509 3355 545 3418 δὲ
564 3389 600 3401 -
613 3357 671 3435 τὴν
686 3355 744 3434 μὲν
757 3354 838 3433 πρὸ(
852 3352 950 3419 νότον
965 3350 1171 3440 (Θετταλίαν)
1189 3355 1303 3431 λαχεῖν

126 3445 204 3524 φαεὶ
222 3443 466 3508 Δευκαλίωνι
484 3448 581 3508 habeo
599 3447 869 3525 persuasissimum.

212 3538 265 3596 Vs.
285 3539 325 3596 46
355 3532 545 3612 άγχομένοιε
570 3536 605 3598 δὲ
631 3534 790 3599 ΧΡΟΝΟ(
817 3533 922 3612 ψυχά(
950 3531 1149 3597 άπέπνευεεν
1176 3533 1302 3611 μελέων

124 3620 268 3702 ἀφάτων.
304 3626 402 3685 Locus
420 3627 523 3702 procul
542 3627 631 3688 dubio
651 3627 819 3704 mendosae,
838 3627 968 3686 sednon
987 3626 1141 3703 probabile
1161 3629 1209 3686 est
1227 3627 1301 3686 haec

122 3719 195 3775 nata
214 3734 279 3776 esee
299 3735 314 3774 e
334 3715 460 3775 lectione
481 3720 542 3775 tam
561 3717 699 3793 expedita
721 3736 811 3793 qaum
838 3716 916 3777 foret
940 3710 1119 3791 ἀγχόμενος
1138 3713 1173 3774 δὲ
1194 3709 1302 3794 χρόνῳ

125 3800 230 3879 ψυχά(
263 3799 478 3877 άπέπνευεαν,
510 3825 586 3882 quae
615 3809 661 3866 est
690 3806 861 3882 Mingarclli
889 3805 1067 3864 coniectura
1113 3805 1176 3863 Neo
1203 3804 1302 3880 ipsum

126 3887 233 3971 χρόνῳ
255 3894 287 3951 in
311 3895 367 3954 hac
390 3895 573 3970 narratione,
597 3914 673 3972 quae
696 3894 885 3954 incredibiles
907 3895 985 3954 vires
1009 3893 1132 3953 infantis
1153 3892 1300 3953 Hercules

19 4055 23 4063 ,
124 3981 268 4060 celebrat,
288 3986 391 4058 aptum
410 3987 470 4061 est3
493 3986 571 4061 quod
591 3983 719 4045 sensisse
738 3984 857 4045 videtur
875 3984 990 4062 Bergk,
1013 3984 1063 4059 qui
1083 3983 1213 4059 primum
1235 4002 1302 4042 con-

124 4071 194 4131 iecit
212 4065 420 4146 ἀγχόμενοι
444 4070 479 4133 δὲ
503 4071 631 4149 λέχριε
650 4091 684 4149 ψ.
704 4068 964 4146 άπέπνευεαν,
990 4073 1069 4150 quod
1088 4092 1148 4133 non
1166 4072 1239 4133 satis
1258 4073 1304 4131 in-
1343 4128 1345 4131 .

123 4163 242 4238 tellego‚
258 4160 363 4220 deinde
377 4161 409 4219 in
422 4163 585 4223 novissima
599 4164 740 4223 editione:
756 4157 946 4238 ἀγχομένοι(
961 4156 994 4222 δ’
1008 4156 1101 4237 άτρο
1110 4178 1178 4236 μοε
1194 4157 1302 4236 ψυχὰ(
1330 4223 1336 4235 ,

124 4244 336 4325 ἀπέπνευεεν,
363 4254 398 4309 ut
424 4245 514 4326 poeta
539 4253 646 4313 dixerit
674 4247 873 4314 άπέπνευεεν
901 4273 955 4329 pro
979 4247 1152 4314 ἀπέπνιξεν
1178 4251 1300 4312 ευίλίοοί.

42 4381 44 4385 -
126 4338 210 4408 Quod
230 4341 256 4398 si
273 4341 405 4414 fecisset,
427 4340 473 4400 bis
492 4345 645 4417 peccasset
663 4344 766 4401 contra
789 4343 889 4419 graeci
909 4341 1053 4402 sermonis
1072 4341 1301 4419 proprietatem;

125 4446 193 4487 nam
214 4449 250 4488 ne
271 4423 444 4491 ἀπέπνιξεν
458 4430 577 4517 quidem
596 4427 702 4507 ψυχά(
722 4429 837 4492 Graeca
851 4435 898 4492 est
911 4429 1093 4508 compositio.
1121 4430 1191 4491 Non
1206 4431 1302 4507 magis
