2864 4958
178 250 219 312 12
605 246 637 298 Η.
658 263 712 300 ven
731 246 910 300 Herwerden:

176 421 263 493 pater
277 416 492 475 Alcimedontis
511 415 632 474 victoris
648 418 678 474 et
693 413 875 489 Callimachi,
894 414 954 473 iarn
973 415 1113 474 defuncti.
1142 416 1271 483 Patrem,
1291 437 1351 492 quo

177 507 311 581 tempore
331 524 449 564 carmen
468 507 658 580 pungeretur,
676 505 736 562 iam
754 505 847 563 fuisse
861 508 1012 564 mortuum
1029 507 1156 580 apparet
1169 505 1231 563 fere
1251 525 1286 563 ex
1305 526 1350 566 ve.

120 589 124 596 ’
177 599 227 669 70,
242 595 295 653 ubi
314 595 394 652 solus
415 613 488 653 avus
507 594 627 653 uictoris
648 597 904 652 commemoratur.
932 593 968 650 In
985 593 1142 668 praeconio
1162 597 1270 668 autem,
1290 615 1350 670 quo

175 683 349 742 Alcidamus
374 683 470 742 victor
493 683 681 742 renuntiatus
706 685 751 741 est
779 684 921 742 demere
944 683 1114 741 nominatus
1140 683 1240 741 fuerat
1261 687 1350 758 pater

174 773 250 845 eius,
275 773 377 847 itaque
396 772 456 847 hic,
481 773 676 830 descendente
695 772 832 830 Mercurii
855 772 912 830 τοῦ
932 766 1062 845 χθονίου
1081 771 1144 829 filia
1161 772 1291 848 Angelia
1310 774 1350 832 ad

175 861 291 919 eumin
311 859 401 934 Orco,
422 860 575 920 victoriam
589 861 792 920 Alcidamanti
814 861 901 919 fratri
922 854 989 932 (aut
1012 862 1091 919 certe
1115 857 1349 940 consanguineo)

149 1009 152 1021 ,
174 951 311 1008 nuntiare
331 949 459 1024 poterat.
488 950 561 1007 Mihi
576 951 695 1026 quidem
709 969 785 1025 quae
800 950 836 1011 de
850 951 878 1009 h.
892 951 911 1007 l.
927 952 1110 1008 commentus
1133 954 1179 1008 est
1197 951 1233 1008 de
1252 950 1350 1028 longh

173 1040 294 1097 minime
314 1039 509 1097 satisfaciunt.
538 1039 639 1096 Verba
653 1059 695 1098 vs.
706 1043 745 1098 77
762 1034 825 1098 ἕετι
840 1036 875 1098 δὲ
890 1034 940 1098 καί
954 1056 984 1097 τι
997 1033 1058 1097 ιιτὲ.
1079 1038 1193 1114 optime
1208 1041 1349 1114 explicuit

174 1127 291 1187 Dissen.

263 1216 381 1292 Olymp.
405 1216 448 1274 IX
467 1219 508 1276 38
537 1215 717 1289 καυχᾶεθαι.
759 1216 868 1276 Dissen
895 1217 1058 1292 gloriari.
1096 1217 1215 1276 Rectius
1239 1218 1348 1277 reddas

172 1306 325 1381 iactare,
349 1306 369 1365 i.
389 1325 412 1364 e.
436 1306 539 1364 venis
562 1305 618 1363 uti
640 1305 771 1365 verbis.
808 1305 892 1365 Idem
915 1325 983 1364 mox
1010 1305 1118 1364 dicitur
1146 1304 1346 1382 λαλαγεῑν,

172 1395 191 1453 i.
213 1414 237 1455 e.
257 1393 427 1468 φλυαρεῖν,
448 1393 565 1468 ληρεῖν.
632 1423 633 1426 ¹

260 1484 312 1542 Vs.
333 1485 376 1542 40
394 1484 496 1558 utique
516 1484 614 1542 deleto
634 1487 757 1541 accentu
775 1484 937 1559 legendum
956 1480 996 1558 μή
1015 1499 1074 1542 νυν
1095 1475 1200 1564 (vulgo
1216 1481 1255 1558 μὴ
1271 1476 1345 1565 νῦν)

172 1567 304 1644 λαλάγει
328 1568 367 1631 τὰ
389 1566 521 1632 τοιαῦτ’.
558 1573 635 1630 Nam
655 1573 773 1631 omnino
794 1566 871 1652 (non
885 1591 963 1631 nunc
991 1564 1122 1653 tantum)
1145 1573 1256 1631 talibus
1280 1575 1349 1633 abs·

171 1663 327 1722 tinendum
350 1665 438 1736 putat
460 1665 556 1737 poeta.
588 1661 624 1719 In
649 1662 841 1737 sequentibus
862 1663 953 1738 iunge
972 1656 1014 1720 ἔα
1034 1677 1085 1735 χω
1092 1658 1147 1736 pic
1167 1656 1346 1737 ἀθανάτων,

171 1753 190 1809 i.
209 1771 234 1810 e.
252 1751 379 1826 procul
398 1770 416 1809 a
434 1751 489 1810 dis
509 1751 675 1826 relinque
699 1770 799 1809 omne
822 1751 969 1825 bellum,
994 1753 1098 1825 utpote
1118 1751 1163 1809 his
1182 1751 1346 1827 indignum.

170 1830 474 1915 Perperam'Dissen:
507 1840 610 1898 mitte
639 1859 739 1899 omne
766 1841 900 1899 bellum
930 1841 1064 1915 absque
1093 1840 1162 1899 diis
1191 1844 1346 1916 gestum,

171 1949 261 2005 quam
276 1929 501 2004 explicationem
510 1937 578 1988 'curn
587 1930 783 2006 grammatica
791 1929 929 2005 repudiat
942 1932 1007 1988 tum
1018 1929 1234 1988 sententiarum
1243 1949 1346 1990 nexus.

170 2019 234 2078 Hoc
262 2019 469 2079 tantummodo
500 2018 623 2077 dubium
649 2022 707 2091 est,
736 2022 837 2078 utrum
862 2013 1032 2079 ἀθανάτων
1060 2037 1237 2094 suspensum
1265 2019 1305 2078 sit
1328 2038 1347 2078 a

172 2103 268 2183 χωρίε
287 2127 325 2166 an
344 2127 362 2168 a
380 2107 479 2168 verbis
498 2103 642 2181 πόλεμον
662 2101 766 2181 μάχαν
788 2124 823 2168 τε
847 2107 959 2167 sutor.

259 2199 311 2256 Vs.
333 2199 372 2256 52
398 2191 563 2256 ἀνάπωτιν
587 2216 652 2256 esse
670 2197 832 2270 obiectum,
856 2191 975 2256 ἄντλον
1001 2197 1169 2257 subiectum
1190 2198 1345 2272 probabile

137 2315 144 2319 ·
170 2290 217 2345 est
236 2305 302 2345 curn
323 2288 360 2345 ob
383 2304 590 2363 praegressum
609 2289 791 2346 structuram
815 2282 916 2360 χθόνα
940 2281 1001 2346 κτὲ.
1021 2290 1086 2345 tum
1105 2306 1175 2347 vero
1199 2287 1345 2361 imprimis

169 2379 292 2451 propter
310 2376 394 2435 verbi
415 2371 501 2434 ἑλεῖν
520 2395 607 2434 usum
626 2376 706 2450 apud
723 2375 894 2436 Pindarum.
928 2376 971 2435 of.
988 2375 1345 2452 01.156‚Pyrh.1130‚

74 2511 85 2527 .
169 2465 275 2523 Isthm.
294 2464 309 2521 I
331 2467 402 2523 100.

258 2553 309 2613 Vs.
332 2555 392 2613 109
414 2547 531 2628 ὤρυεαι
549 2553 616 2613 fieri
633 2555 734 2629 potest
752 2556 786 2612 ut
805 2553 915 2613 iniuria
932 2556 1074 2614 tentetur.
1102 2552 1246 2613 Similiter
1264 2557 1344 2614 certe

37 2663 44 2676 ·
163 2644 224 2702 'hcc
238 2644 362 2703 verbum
377 2644 415 2702 ab
431 2643 582 2702 Herodoto
597 2642 640 2700 IV
657 2645 695 2703 75
717 2643 753 2701 de
772 2644 851 2702 laeto
867 2643 995 2701 clamore
1010 2646 1186 2718 usurpatum
1205 2645 1344 2718 reperies.

170 2730 355 2807 Quamquam
375 2727 502 2805 bisuldu
521 2735 640 2807 poetam
658 2732 784 2791 verbum
803 2729 994 2805 χαμαιπετέε
1013 2751 1119 2807 parum
1135 2733 1238 2792 decere
1256 2733 1344 2792 facile

171 2821 292 2896 largior.

259 2909 378 2985 Olymp.
397 2909 461 2969 X7
493 2904 605 2970 ἕκαθεν
633 2905 694 2984 γὰρ
723 2905 870 2970 ἐπελθὼν
900 2905 1090 2970 ΟΜΕΛΛΩΝ
1120 2903 1237 2983 χρόνοε
1265 2906 1343 2984 ἐμὸν

170 2994 356 3073 καταίεχυνε
382 2995 460 3073 βαθὺ
485 2996 587 3073 χρέοε.
624 3000 693 3058 Non
710 2999 768 3058 nisi
786 2999 977 3059 artificiosam
995 2999 1272 3077 interpretationem
1293 3001 1343 3058 ad-

169 3089 264 3146 mittit
283 3082 302 3146 ὁ
322 3085 471 3161 μέλλων
490 3082 619 3161 χρόνοε,
639 3089 768 3146 relatum
788 3088 900 3147 seilicet
918 3090 956 3147 ad
974 3091 1107 3164 tempus,
1131 3108 1189 3163 quo
1209 3088 1342 3147 debitum

170 3176 411 3235 contrahebatur.
429 3175 496 3235 Una
509 3180 626 3236 mutata
640 3176 776 3236 litterula
790 3177 890 3236 sanior
900 3177 1001 3252 exibit,
1011 3178 1070 3237 nisi
1083 3178 1179 3251 fallor,
1195 3177 1343 3236 sententia

169 3267 254 3325 haec:
282 3265 369 3323 Nam
392 3284 408 3323 e
431 3266 629 3341 longinquo
658 3265 853 3326 adveniens
881 3269 1021 3343 tempus
1050 3268 1205 3340 accendo
1230 3285 1342 3324 mcum

169 3355 420 3430 turpissimum
431 3355 608 3414 reddebat
621 3355 749 3432 ingens
760 3356 1184 3430 debitum,veruntamen
1199 3355 1342 3415 diluere

168 3448 292 3519 potest
326 3463 443 3503 acrem
471 3446 789 3520 reprehensionem
818 3434 921 3504 fenus
952 3437 1045 3526 (quod
1073 3437 1199 3522 solvam)
1225 3445 1343 3504 nauti-

170 3552 255 3591 cum.
291 3533 383 3592 Recte
403 3533 481 3592 enim
500 3534 602 3610 Bergk
620 3555 673 3609 pro
694 3533 820 3593 Θνατῶν
843 3535 1012 3610 reposuisse
1031 3535 1150 3595 videtur
1173 3529 1191 3592 ὁ
1212 3532 1340 3593 ναυτᾶν.

169 3622 283 3697 Nempe
303 3622 431 3698 corrigo:

405 3707 518 3771 ἕκαθεν
536 3706 597 3785 γὰρ
617 3707 764 3771 ἐπελθὼν
783 3706 963 3786 ὀφέλλων
983 3707 1100 3786 χρόνοε

404 3795 482 3874 ἐμὸν
501 3796 687 3873 καταίεχυνε
709 3798 787 3875 βαθὺ
806 3798 909 3875 χρέοε.

169 3883 304 3962 duecte
321 3888 410 3949 λῦεαι
425 3878 560 3949 berarde
575 3884 683 3950 ὀξεῖαν
697 3885 883 3964 ἐπιμομφὰν
896 3883 991 3950 roro(
1006 3884 1024 3948 ὁ
1044 3888 1193 3949 ναυτᾶν.

258 3977 381 4053 Semper
395 3979 558 4038 differenda
572 3979 719 4040 solutione
734 3980 869 4039 debitum
882 3982 1011 4055 augetur
1028 3978 1221 4053 mercedibus,
1239 3979 1341 4053 itaque

169 4086 228 4126 nou
246 4067 305 4126 nisi
323 4068 409 4143 gravi
424 4070 533 4144 fenore,
554 4068 641 4144 quale
657 4071 702 4129 est
716 4068 878 4144 nauticum,
892 4060 973 4149 (eum
987 4068 1083 4144 capite
1099 4069 1159 4129 scil.
1177 4059 1341 4146 solvendo),

169 4157 243 4215 dilui
261 4159 368 4233 potest.

256 4245 308 4306 Vs.
330 4247 370 4304 29
395 4240 439 4304 ὼε
462 4242 586 4318 Αὐγέαν
611 4241 740 4320 λάτριον
764 4239 894 4332 ἀέκονβ’
918 4241 1000 4305 ἑκὼν
1023 4242 1132 4320 μιεθὸν
1155 4241 1340 4320 ὑπέρβιον

169 4329 346 4408 πράττοιτο.
385 4335 523 4411 Plerique
550 4337 728 4413 interpretes
751 4335 911 4412 iungentes
935 4332 1043 4409 μιεθὸν
1066 4331 1218 4409 ὑπέρβιον
1243 4329 1339 4409 πρά(-

170 4439 268 4499 (οιτο,
297 4425 403 4485 veteri·
416 4424 592 4487 scholiastae
612 4424 758 4502 obsecuti,
787 4425 936 4499 explicent
958 4424 1109 4487 absictos
1131 4418 1223 4500 ὄντα,
1245 4443 1340 4503 ,quam
