2864 4958
126 261 169 324 28
557 257 591 313 H.
610 274 665 313 van
682 257 864 313 Beruerden:

128 431 313 491 inseruerim.
341 428 536 505 Repudinuda
550 427 657 488 saltem
675 427 847 503 novissima,
864 428 1057 503 quantumms
1075 428 1161 501 lenis,
1179 429 1312 508 Bergkii

127 521 297 580 coniectura
315 518 443 596 legentis
462 513 550 592 ὄῳον
568 511 694 587 λόγιοι
712 519 779 591 φθ.,
804 516 876 593 quia
893 535 911 575 a
929 516 1061 576 Pindaro
1078 513 1110 578 oi
1128 512 1236 590 λόγιοι
1256 539 1310 598 op

127 613 279 686 ponuntur
300 608 397 684 poetis
420 600 493 688 (vio
516 606 607 683 Pyth.
631 606 646 664 Ι
665 597 737 686 94),
760 624 814 664 uec
838 625 909 665 sane
931 607 1002 682 ipsi
1024 601 1112 681 ὄψον
1132 608 1311 670 invidorum

128 699 186 757 dici
204 701 352 774 poteraut.
389 696 554 756 Verissima
572 695 678 755 deinde
696 694 817 755 videtur
834 695 963 756 Heckeri
985 696 1157 757 coniectura
1179 693 1310 773 ἐφίζει

126 807 180 864 pro
199 782 324 862 ἐρίζει.

214 875 267 935 Vs.
282 878 322 936 27
348 868 443 953 φόνῳ
461 868 661 948 πάλαιεεν,
680 893 738 950 quo
753 874 790 933 de
805 821 895 933 silent
912 875 1034 952 scholia,
1052 894 1112 935 non
1127 877 1202 937 satis
1219 881 1308 940 recte

129 965 243 1025 dictum
260 965 380 1025 videtur
398 965 435 1023 de
454 983 489 1023 co
507 964 558 1040 qni
577 982 632 1023 sua
651 981 682 1022 se
700 981 791 1022 manu
808 963 963 1041 interficit,
982 965 1008 1023 si
1026 965 1146 1042 quidem
1164 967 1217 1043 qui
1237 987 1308 1029 cum

126 1058 224 1114 morte
241 1056 375 1114 luctatur
396 1072 456 1113 non
479 1053 645 1112 necessario
664 1052 793 1112 vincitur
816 1071 883 1126 nec,
891 1052 937 1141 ‚id
960 1055 1040 1129 quod
1063 1056 1155 1114 etiam
1178 1058 1308 1133 gravius

128 1146 186 1219 eat,
204 1144 256 1220 qui
274 1143 475 1203 voluntarlam
489 1160 591 1201 necem
607 1141 664 1201 sihi
683 1142 775 1201 infert
792 1160 861 1201 cum
879 1127 915 1202 ea
931 1142 1110 1218 luctatur,
1129 1145 1183 1204 sed
1200 1147 1307 1223 potius

126 1251 193 1293 eam
211 1232 457 1308 amplectitur.
485 1230 629 1301 Quocirca
646 1232 848 1291 necessarium
865 1234 948 1306 puto,
966 1233 1073 1309 qnod
1063 1251 1122 1292 ram
1142 1234 1216 1293 olim
1234 1255 1307 1311 pro-

126 1322 227 1398 posui,
241 1314 429 1395 παλάχθη,
446 1323 482 1379 ut
495 1320 604 1380 dicitur
617 1314 741 1398 φόνῳ
727 1315 874 1394 ραίνειν
893 1316 1028 1381 πεδίον
1045 1321 1239 1382 Isthm.VIH
1254 1327 1308 1401 55,

126 1405 222 1489 φόνῳ
246 1409 372 1485 φυρᾶν
394 1410 456 1484 γῆν
479 1408 586 1470 Aesch.
605 1409 686 1485 Sept.
707 1411 763 1483 48,
787 1404 881 1489 φόνῳ
901 1405 1075 1484 χραίνειν
1098 1411 1190 1487 χεῖρα
1213 1412 1307 1490 Soph.

126 1501 172 1561 hi.
191 1502 243 1577 43,
261 1493 516 1559 παλόςςεςθαι
535 1494 651 1578 αἵματι,
672 1493 788 1577 λύθρῳ,
805 1494 886 1577 ἰδρῳ
906 1500 971 1560 sim.
988 1502 1068 1576 apud
1087 1500 1264 1562 Homerum.

213 1588 265 1648 Vs.
288 1590 330 1649 33
360 1583 502 1663 αἱμύλων
526 1582 634 1661 μύθων
658 1580 884 1663 ὁμόφοιτος,
912 1584 1172 1665 δολοφράδης,
1204 1607 1304 1653 κακο·

124 1673 221 1739 ποιὸν
239 1672 373 1737 ὄνειδος.
406 1677 449 1736 Ut
462 1696 498 1736 ex
511 1677 651 1736 adiuncto
670 1677 810 1753 genetivo
824 1681 959 1755 apparet,
978 1674 1155 1755 ὁμόφοιτος
1173 1681 1212 1740 ad
1231 1700 1305 1743 ana·

124 1768 237 1870 logiam
255 1766 408 1827 nominum
428 1760 532 1841 φιλόι,
551 1760 674 1841 ἐχθρύι,
694 1762 865 1843 ςύμμαχοι,
884 1768 950 1829 sim
968 1769 1082 1828 factum
1097 1772 1144 1829 est
1163 1771 1306 1832 substan-

124 1857 289 1917 tivum=
316 1850 555 1930 ςυνοδοίπορος
590 1855 638 1915 Ad
658 1856 832 1932 genetivum
854 1857 889 1917 of.
915 1857 1005 1933 Soph.
1030 1857 1064 1918 Ο.
1087 1858 1121 1919 It
1146 1861 1225 1937 202,
1249 1860 1307 1921 uhi

124 1946 259 2006 Bacchus
278 1945 364 2006 audit
382 1940 559 2006 Μαινάδων
578 1939 762 2020 δμόετολος.
793 1946 958 2023 Propterea
976 1947 1075 2008 deleta
1093 1949 1214 2025 virgula
1231 1950 1307 2011 scri-

126 2036 256 2095 bendum
274 2035 405 2095 arbitror

270 2119 413 2200 αἱμύλων
437 2119 546 2199 μύθων
569 2117 783 2199 όμόφοιτο(
806 2120 1069 2201 δολοφρόιδηι,
1092 2121 1153 2186 κτὲ.

213 2213 264 2273 Vs.
289 2216 331 2273 44
365 2209 508 2287 μαετεύει
533 2244 572 2253 -
598 2208 717 2274 πιετόν.
760 2214 863 2273 Verba
890 2215 1016 2275 obscura
1044 2234 1103 2275 non
1130 2218 1305 2280 emendavit

124 2302 226 2379 Bergk
245 2302 400 2362 scribendo
420 2299 526 2362 θέιθαι
545 2298 638 2361 πιετὰ
656 2297 736 2382 νόῳ,
760 2322 819 2363 non
838 2304 916 2363 euim
935 2301 971 2364 ἐν
990 2299 1103 2380 ὄμμαει
1122 2305 1180 2365 dici
1201 2309 1305 2383 potuit

123 2389 163 2452 τὰ
186 2388 222 2452 ἐν
246 2385 372 2466 ὄμμαει,
396 2393 431 2449 ιιι
454 2391 679 2467 interpretatur.
715 2392 797 2453 Vitio
820 2413 926 2453 vacare
950 2397 1023 2471 puto
1045 2391 1086 2471 (si
1105 2390 1227 2471 λαβρόν
1252 2416 1304 2456 ex-

123 2474 248 2562 cipitur)
271 2482 362 2541 verba
385 2481 542 2557 sequentia
564 2477 601 2540 τὸ
626 2474 659 2540 δ’
682 2477 771 2542 αύτι(
793 2479 870 2544 τεὰν
894 2479 1003 2557 ψυχὰν
1025 2478 1146 2558 κομίξαι
1171 2479 1215 2544 ού
1239 2502 1306 2560 μοι

123 2564 303 2631 δυνατόν·
327 2569 442 2630 κενεᾶν
461 2563 495 2629 δ’
512 2565 654 2632 ἐλπίδων
674 2571 797 2645 χαῦνον
810 2569 917 2632 τέλος·
936 2573 989 2633 cei
1009 2569 1045 2632 δὲ
1064 2567 1170 2652 πάτρᾳ
1185 2570 1305 2649 Χαριά-

125 2661 194 2721 burc
216 2676 251 2720 τε
276 2653 420 2735 λάβρον
448 2655 646 2734 ύπερεῖεαι
670 2655 761 2720 λίθον
784 2659 941 2722 Μοιςαῑον
964 2657 1040 2732 κτὲ.;
1069 2663 1121 2722 ubi
1147 2662 1306 2724 Hermann

124 2749 249 2810 coniecit
262 2742 427 2825 ὑπερείςω,
446 2747 549 2824 Bergk
567 2743 748 2821 ὑπερείεαιν
768 2741 873 2830 (quam
891 2752 1018 2811 formam
1036 2752 1164 2827 optativi
1182 2753 1305 2830 legibus

124 2836 331 2918 etymologiois
343 2837 569 2898 convenientem
583 2857 745 2914 numquam
755 2840 906 2900 exstitisse
920 2842 1052 2901 nondum
1063 2841 1138 2900 mihi
1150 2845 1306 2918 persuasit

123 2932 262 2990 accurata
276 2926 388 2988 Naheri
404 2927 566 3004 disputatio
581 2927 690 2988 Murem.
700 2928 743 2987 IX
756 2949 785 3004 p.
796 2932 837 2990 98
849 2949 921 3007 sqq,
941 2931 994 2990 sed
1007 2932 1110 2990 tamen
1123 2951 1183 2991 non
1196 2931 1244 2992 ita⁴
1254 2932 1305 2992 fir-

124 3019 214 3079 miter
233 3017 329 3090 credo,
348 3019 383 3076 ut
401 3017 571 3077 coniectura
585 3035 650 3076 eam
665 3018 826 3078 restituere
844 3013 993 3100 audeam).
1019 3020 1128 3080 Neutru'
1146 3021 1305 3083 assentior.

124 3108 287 3184 Aliquanto
312 3105 390 3165 enim
412 3105 565 3181 pulchrius
589 3125 625 3164 ex
650 3102 689 3165 ού
713 3103 852 3167 δυνατόν
875 3111 975 3168 mente
999 3113 1117 3185 repetas
1145 3113 1216 3170 noto
1244 3129 1304 3172 usu

126 3197 309 3257 contrariam
333 3189 485 3269 δυνατόν,
514 3193 593 3254 unde
616 3196 745 3271 pendeat
769 3197 949 3271 infinitivus,
976 3200 1054 3274 quod
1076 3219 1135 3259 uon
1158 3199 1304 3274 impedire

123 3286 242 3348 videtur
269 3283 447 3346 brevissIma
473 3284 661 3361 parenthesis
690 3284 805 3346 κενεᾶν
829 3319 871 3328 -
901 3285 1004 3349 τέλος.
1046 3282 1221 3349 Ἧοιιιιιιοιιι
1249 3289 1303 3348 de·
1343 3348 1346 3353 .

125 3378 260 3436 functum
282 3395 317 3434 ex
335 3373 439 3434 Inferis
458 3393 598 3435 revocare
617 3393 746 3452 nequeo,
766 3377 818 3436 sed
837 3376 965 3452 gloriam
984 3378 1048 3438 eius
1067 3378 1217 3437 celebrare
1236 3397 1304 3454 pos·

126 3460 212 3527 sum?
244 3466 371 3525 Prorsus
386 3484 458 3525 vero
473 3464 640 3540 spernenda
654 3467 701 3524 est
714 3466 812 3541 turpis
827 3466 956 3544 Mezgeri
974 3488 1028 3544 pro
1043 3467 1200 3528 sanissimo
1219 3488 1304 3529 voca-

129 3556 200 3616 bulo
225 3554 394 3614 coniectura
417 3549 631 3629 ὑπερέεςαι,
654 3554 732 3629 quod
755 3573 793 3614 ne
812 3553 957 3616 Graecum
981 3558 1101 3633 quidem
1123 3557 1303 3616 vocabulum

127 3647 181 3705 est.
219 3643 276 3703 Sed
296 3642 471 3702 mendosum
490 3645 537 3702 est
560 3637 694 3717 λαβρόν,
718 3663 773 3718 pro
792 3663 851 3720 quo
870 3646 1039 3705 acutissime
1058 3645 1159 3722 Bergk
1178 3646 1304 3706 coniecit

128 3728 255 3811 βάθρον.
294 3730 338 3792 cf.
363 3731 408 3792 Ol.
432 3730 506 3790 XIII
525 3733 554 3791 8.
595 3731 724 3807 ipsoex
747 3734 893 3793 librorum
917 3733 963 3794 Ac
985 3736 1134 3811 scriptura
1158 3734 1304 3809 λαῡρον

125 3822 236 3882 conieci
255 3815 408 3895 λευρόν,
431 3821 586 3898 largum,
609 3841 789 3898 magnum,
814 3824 1058 3902 οοιιοριοιιιιιιι,
1081 3828 1116 3884 ut
1134 3827 1181 3884 est
1199 3822 1303 3898 πέτρα

124 3906 222 3986 λευρὰ
240 3910 320 3986 apud
338 3911 409 3970 Bur.
431 3910 538 3970 Bacch.
554 3913 616 3971 982
637 3915 668 3970 et
685 3911 833 3987 Lycophr.
855 3914 927 3974 159.

211 3999 297 4058 Nem.
317 3999 360 4057 IX
380 4003 420 4061 23
445 3993 585 4074 Ἰεμηνού
605 3993 638 4059 δ>
656 3993 712 4060 ἐπ’
730 3994 852 4074 όχθαιιι
871 4000 990 4074 γλυκύν
1007 3997 1124 4064 Ινόςτον
1143 3997 1301 4078 ἐρυττά-

125 4105 246 4166 μενοι.
293 4086 383 4147 Oodd.
417 4083 611 4165 ἐρειιάμενοι
643 4091 691 4149 τοι
723 4085 917 4166 ἐρυςάμενοι.
941 4092 1096 4170 'Reliquis
1124 4092 1302 4154 coniecturis

124 4180 245 4240 accedat
264 4177 337 4237 haec
355 4197 422 4237 mea
440 4174 681 4254 ἐρυκόμενοι,
700 4179 871 4254 impediti
895 4201 914 4240 a
932 4182 1066 4259 reditu,
1084 4184 1119 4240 ut
1137 4177 1301 4255 ἐρύκεεθαι

123 4270 295 4346 frequenter
303 4268 341 4327 ab
351 4266 481 4327 Homero
492 4268 632 4328 dicuutur
642 4269 693 4344 qui
703 4267 813 4329 alicubi
821 4269 909 4330 iuviti
917 4271 1125 4332 detinenturet
1135 4273 1300 4333 morantur.

212 4358 264 4420 Vs.
275 4360 316 4417 28
332 4356 444 4432 optime
455 4356 573 4434 Mezger
587 4356 691 4434 reponi
704 4357 794 4417 iussit
808 4354 1060 4434 φοινικοετόλων
1075 4355 1142 4440 (ριο
1153 4358 1299 4422 Φοινικο-
1362 4426 1366 4433 ,

125 4441 275 4524 (τύλων),
293 4447 312 4506 i.
328 4465 353 4507 e.
373 4440 604 4523 αἱματοέντων,
624 4446 678 4508 scd
695 4447 870 4510 mendosum
884 4449 1003 4509 videtur
1021 4443 1298 4526 ἀναβάλλομαι,
